2808 4686
431 351 645 404 οιοιιιιιιιιιι
669 353 733 404 ιιι.
759 351 798 406 ιι.
1079 333 1152 406 307

52 535 178 603 multis
196 535 322 600 amissis
342 538 375 600 irs
398 537 472 600 lcca
493 540 618 602 munira
641 559 706 600 sese
718 541 847 624 recepit.
886 539 986 604 Tacit.
1003 539 1153 606 llist.lV.

55 662 124 724 7¹·
148 637 310 701 deturbati
329 637 442 699 ruinae
472 637 564 698 modo
581 623 850 722 praecipitarem.
891 641 940 702 De
961 642 1065 703 verbis
1088 642 1156 702 rui·

54 761 129 801 nae
155 737 251 800 modo
273 757 305 800 ι.
319 736 430 798 edlll.
450 735 555 800 coede
576 736 689 819 plurali
705 741 989 823 praecipitarentur
1002 740 1153 804 Oudend.

54 837 108 899 ad
131 837 219 898 Caes.
241 837 275 898 B.
300 839 339 900 G.
363 835 402 897 ll.
427 835 487 914 26,
508 835 563 896 ubi
585 836 672 918 Sept.
692 837 833 900 effertur.

151 932 280 1020 trepida
308 933 521 1020 impeditaque
551 967 591 983 -
613 956 709 999 caesa
728 939 957 1022 exstinctaque)
1018 937 1162 1002 Dedecet

55 1033 243 1118 pedestrem
273 1037 443 1096 credonem
474 1033 552 1096 inec
580 1034 802 1118 particularum
830 1036 982 1120 mpstitie.
1026 1037 1156 1100 Cetero-

57 1138 262 1217 quinceium
291 1145 382 1214 ceput
413 1136 527 1216 optimo
545 1135 710 1216 Septimius
733 1155 876 1198 sermons
903 1137 1043 1220 scripsit,
1064 1148 1100 1198 ut
1117 1139 1152 1199 iu

57 1232 212 1318 proeliis,
236 1233 372 1294 imitatus
389 1229 584 1313 Sallustium,
610 1231 699 1296 solet.

156 1333 272 1396 XLlV.
314 1329 405 1394 dorsis
438 1333 570 1415 egregiis
599 1333 786 1412 honoratur)
836 1331 957 1396 hudct
984 1335 1093 1398 Heius.
1113 1337 1155 1400 sd

62 1431 155 1496 Veli.
180 1433 249 1495 Pst.
267 1431 311 1492 ll.
332 1433 400 1494 115.
428 1453 454 1492 1.

150 1533 220 1613 spes
238 1549 347 1594 omnes
369 1543 466 1613 alque
486 1550 560 1615 opes
578 1530 713 1594 militiae
739 1533 773 1594 irs
788 1533 849 1596 tali
868 1536 941 1597 uiro
963 1537 1153 1617 sisterentur)

59 1629 141 1691 Sall.
166 1630 234 1712 lug.
261 1625 333 1706 ¹¹4·
357 1639 434 1691 extr.
455 1649 526 1714 spes
547 1642 643 1712 atque
664 1651 737 1715 oper
756 1631 903 1694 ciuitatis
924 1635 959 1694 in
978 1635 1036 1694 iiic
1055 1636 1152 1698 utre.
1181 1693 1185 1706 ,

60 1729 123 1792 ubi
144 1727 186 1794 ci.
209 1729 310 1810 intpp.
344 1724 460 1810 sulpic.
484 1727 526 1788 ll.
547 1727 581 1789 S.
603 1727 629 1790 1.
655 1747 705 1790 11.
726 1727 759 1790 8.
800 1729 857 1792 Εα
880 1743 1061 1816 tempestate
1083 1753 1154 1816 spes

60 1839 165 1912 atque
185 1824 274 1886 salus
301 1823 441 1908 Aegypti
469 1827 505 1887 ιἰι
537 1825 594 1889 illo
622 1827 686 1890 sita
716 1840 799 1891 erat.
823 1829 876 1892 ubi
898 1830 1042 1894 vorstius
1063 1833 1153 1897 effert

60 1927 197 1990 Terent.
220 1923 283 1986 Ad.
306 1925 364 1986 lll.
388 1945 421 1986 ι.
445 1926 479 1986 irs
501 1945 561 2005 quc
580 1937 710 1990 nestrae
732 1949 802 2013 spes
822 1949 957 2013 opesque
976 1951 1083 1995 omnes
1105 1935 1150 1996 si·

66 2038 250 2089 tacerent.
300 2023 400 2086 Nemo
434 2035 537 2086 sutem
566 2025 598 2086 in
626 2023 684 2088 hec
712 2027 817 2109 phrasi
846 2030 944 2091 utitur
962 2030 1061 2092 verbs
1087 2031 1153 2093 sisti

63 2125 87 2186 i.
113 2145 144 2186 c.
169 2125 255 2208 poni,
279 2123 445 2186 collocari:
467 2121 551 2206 quod
571 2123 695 2207 quidem
717 2122 876 2208 aliquoties
896 2123 1074 2192 vetercs'cs
1095 2151 1152 2192 uo·

62 2225 152 2286 tione
176 2223 340 2284 admisere.
361 2221 409 2284 Gi.
430 2221 526 2284 Ovid.
549 2223 624 2284 Met.
653 2223 739 2284 Vlll.
753 2223 828 2310 669.

151 2323 247 2384 XLV.
290 2320 453 2383 incedente
474 2324 541 2382 iam
558 2325 706 2406 uespera)
747 2323 771 2384 i.
791 2343 821 2384 e.
843 2323 1025 2406 ingruente,
1047 2325 1150 2386 immi-

62 2433 172 2486 nente.
205 2422 301 2484 Plane
322 2431 357 2482 ut
377 2420 533 2481 Ammisu.
548 2421 624 2482 XX.
642 2439 691 2482 ιι.
712 2419 863 2484 incedens
881 2441 1023 2507 uespere.
1046 2423 1147 2485 Tacit.

62 2527 155 2588 Anu.
176 2521 246 2582 XV.
261 2523 314 2604 57.
344 2520 491 2583 tenebrae
522 2519 721 2584 incedebant.
754 2519 809 2584 ubi
836 2518 895 2584 slis
914 2523 1001 2602 ponit
1020 2521 1147 2585 Ernest.

62 2625 135 2708 ipsc
157 2621 241 2704 Sept.
265 2621 320 2683 tv,
340 2638 386 2681 ιο.
409 2619 540 2680 solemne
560 2619 699 2680 incessit.

148 2721 332 2804 anteposita
351 2719 487 2794 civitati]
529 2717 596 2778 lloc
619 2727 677 2794 est,
699 2734 779 2798 quae
800 2713 916 2776 adiacet
925 2713 1052 2791 Tenedi,
1072 2735 1149 2776 con·

62 2822 237 2902 tinentiquc
253 2819 404 2880 'l'roisnse
424 2818 555 2881 civitatis
574 2816 778 2877 connectitur.
807 2815 906 2876 Servii
930 2813 969 2874 ab
991 2813 1150 2880 Obrechm

63 2921 149 2984 sllsti
169 2921 283 2982 verbs:
307 2917 433 2979 Sicanio
449 2930 620 3001 praetenta
643 2916 715 2976 sinu
734 2913 818 2976 iacet
836 2913 955 2976 issula.
994 2915 1149 2978 Praecess-

64 3036 117 3086 ta.-
136 3019 325 3103 anteposila.
350 3019 463 3078 Graec.
487 3011 726 3094 προσκείμενος,
749 3011 1002 3094 προστιθέμενος,

142 3137 255 3204 presso
274 3115 391 3197 gradu)
422 3113 496 3176 Sall.
518 3115 630 3196 fmgm.
643 3113 700 3175 Vl.
722 3121 775 3182 3¹·
795 3132 907 3198 presso
926 3111 1034 3193 gradu
1053 3112 1151 3176 silce-

65 3221 207 3280 tesiam.
228 3218 284 3280 ubi
304 3217 389 3300 Sept.
405 3211 488 3277 stul.
511 3213 613 3276 sttulit
632 3217 788 3278 Wssseus.
812 3212 907 3274 ovid.
930 3213 1077 3276 Metili.
1097 3233 1147 3297 η.

64 3339 168 3402 presso
187 3337 308 3398 gressu.
351 3312 486 3378 Videtur
505 3313 586 3374 idum
608 3335 687 3388 esse,
709 3312 793 3396 quod
806 3311 928 3395 Apuleii
948 3333 1096 3397 suspemc
1117 3324 1149 3375 et

67 3419 174 3480 imonc
196 3416 337 3498 uesc'gic.
358 3413 418 3478 los.
440 3414 539 3478 lscsui
554 3413 614 3476 lll.
630 3415 703 3478 231.
725 3426 829 3476 tencre
851 3414 987 3476 incessu.
1009 3413 1062 3475 uui
1084 3411 1147 3480 vid.

66 3515 253 3578 Drescmius.

145 3613 486 3697 circumspicientesque
505 3612 625 3690 omnia)
667 3609 882 3702 Ssll.lug.93.
899 3624 1023 3676 tentans
1042 3610 1150 3674 omnia

69 3727 97 3776 et
127 3714 388 3798 circumspiciens.
418 3714 486 3796 lug.
509 3733 562 3796 72.
603 3712 865 3796 circumspectare
898 3715 1017 3778 crucia.
1046 3709 1147 3772 'lacit

70 3813 173 3898 Agris.
198 3808 250 3874 δι.
272 3813 379 3875 omnia
398 3813 704 3896 circumspectantes.

147 3933 259 3974 somus
277 3913 404 3996 pressis)
444 3911 559 3975 Somno
579 3931 742 3995 oppressus
763 3921 835 3972 nots
854 3908 986 3972 formula
1006 3919 1062 3969 est.

148 4013 230 4074 niisii
248 4012 338 4074 ultra
370 4010 549 4074 audendum
580 4011 658 4090 rati)
707 4010 777 4072 Lib.
799 4009 856 4070 lll.
879 4029 909 4091 7.
932 4008 1066 4090 amplius
1086 4026 1150 4066 au·

72 4111 201 4172 dendrrm
223 4124 323 4174 ratus.
374 4112 536 4196 ilcgesipp.
560 4109 586 4170 1.
609 4130 660 4171 ιι.
690 4105 871 4170 audendum
901 4102 1030 4190 aliquid
1048 4118 1150 4174 ratus.

71 4211 181 4292 Sulpic.
195 4209 279 4272 ll.S.
293 4211 335 4273 ll.
354 4211 402 4276 16.
418 4232 445 4272 1.
467 4207 647 4274 audendum
667 4204 798 4291 aliquid
814 4219 844 4272 ct
868 4201 1051 4269 tentandum
1062 4219 1160 4298 rata.
