2726 4686
263 348 311 418 ⁵2
340 387 343 394 ’
644 391 763 442 DlC'l'lS
789 389 968 440 currenstt

262 599 302 658 et
324 581 517 658 vulnerati
543 609 631 687 pars
655 582 838 658 maxima:
865 605 1020 686 prorsus
1046 582 1157 656 nullo
1174 599 1251 670 ‚aut
1267 607 1322 686 pet

199 783 204 792 Ι
262 699 394 804 paucis
426 698 533 772 clade
559 697 649 772 helli
682 697 764 772 eius
798 695 1027 801 expertibus.
1086 697 1189 772 Dein
1222 717 1322 772 secut

263 813 327 887 die
351 815 464 916 legati
490 813 654 889 invicem
680 813 728 888 de
751 811 988 918 sepeliendis,
1013 813 1082 915 qui
1109 813 1151 888 in
1174 815 1273 888 bello
1292 841 1322 888 ot

262 927 458 1018 ciderant‚
495 930 725 1004 mittuntur:
767 947 884 1031 atque
910 925 1159 1004 iu‘induciis
1184 929 1322 1034 interp<

263 1044 361 1134 sitis,
389 1047 550 1122 collecta
583 1073 743 1152 corpora
768 1065 886 1149 atque
919 1044 999 1148 igni
1026 1063 1190 1120 cremata
1221 1048 1321 1151 sepel

264 1179 398 1236 untur.

365 1277 412 1350 V.
462 1277 622 1350 lnterim
649 1276 894 1379 Tlepolemus
926 1293 964 1350 et
991 1302 1078 1350 cum
1105 1275 1221 1351 fratre
1245 1279 1322 1350 Ant

267 1390 346 1494 pho
380 1389 612 1494 Phidippus,
650 1419 746 1493 quos
774 1391 964 1466 'Thessalo
998 1393 1160 1494 genitos,
1200 1411 1322 1494 nepoti

268 1506 445 1580 Herculis
469 1533 585 1611 supra
617 1507 927 1596 memoravimus,
963 1508 1115 1610 cognito
1139 1507 1322 1610 Telephur

268 1623 310 1697 in
346 1622 404 1696 his
438 1622 529 1696 locis
568 1621 813 1726 imperitare,
853 1621 995 1698 fiducia
1029 1623 1263 1725 cognationis
1304 1651 1322 1696 a

267 1765 357 1812 eum
381 1738 554 1828 veniunt,
581 1739 705 1841 eique,
730 1739 891 1840 quinam
918 1757 1039 1814 essent
1063 1759 1101 1814 et
1123 1739 1322 1842 quibuscui

268 1854 522 1955 navigassent,
548 1880 740 1959 aperuere.
805 1856 906 1932 Dein
932 1857 1053 1932 multa
1081 1855 1242 1931 invicem
1267 1881 1322 1929 cot

268 1988 393 2044 sumta
427 1970 618 2060 oratione,
653 1971 701 2044 ad
736 1989 970 2075 postremum
1004 1973 1122 2046 nostri
1149 1973 1273 2046 acrius
1298 1973 1322 2046 ir

269 2110 418 2175 cusare,
449 2084 554 2190 quod
583 2103 659 2160 tam
684 2085 876 2162 hostiliter
900 2086 1099 2162 adversum
1126 2113 1212 2164 suos
1235 2113 1322 2162 vers

275 2218 394 2275 retur.
444 2199 760 2302 Agamemnonem
793 2229 949 2306 namque
981 2222 1018 2279 et
1050 2205 1258 2278 Menelaum
1290 2206 1322 2276 Ρ

272 2315 436 2414 lepidas,
471 2343 546 2390 non
576 2319 718 2394 aliems
742 2323 892 2420 generis
925 2323 1006 2404 sui,
1038 2345 1122 2395 eam
1154 2323 1321 2396 exercitu

273 2438 518 2508 contraxisse.
568 2435 671 2509 Dein
695 2461 795 2538 quae
820 2436 920 2512 circa
946 2435 1105 2512 domum
1121 2437 1286 2512 Menelai
1312 2465 1321 2510 a

275 2551 492 2625 Alexandro
526 2552 721 2626 commissa
755 2571 891 2642 essent,
926 2571 1158 2657 raptumque
1193 2553 1321 2644 Helen

280 2663 438 2742 docent:
463 2685 574 2771 atque
597 2667 729 2744 decere
752 2693 844 2755 eum,
870 2694 952 2744 eum
974 2687 1126 2770 propter
1142 2694 1320 2769 comenge

281 2786 442 2864 nitatem,
468 2801 544 2858 tara
566 2790 766 2886 praecipue
789 2783 837 2860 ob
860 2785 980 2859 scelos
1002 2785 1138 2858 violati
1160 2808 1320 2859 commu!

281 2901 452 2997 hospitii,
480 2901 639 2976 Graecis
664 2902 763 2975 ultro
774 2901 891 3003 ferre
914 2899 1118 2985 auxilium,
1143 2905 1319 3004 inquere

280 3019 444 3113 gratiam
484 3018 602 3114 ipsius
636 3021 748 3090 etiam
789 3015 965 3090 Herculis
998 3015 1162 3116 plurima
1194 3014 1319 3088 labori

282 3146 514 3204 monumenta
542 3155 612 3231 per
645 3147 759 3207 totam
796 3133 994 3210 Graeciam
1017 3135 1191 3208 existere.
1239 3129 1303 3208 Ad

281 3311 569 3331 m

354 3425 448 3470 secute
466 3413 524 3484 die)
558 3413 629 3466 crat
651 3413 786 3472 insecuta.
823 3417 857 3475 ln
874 3435 949 3491 seqq.
966 3420 996 3477 S.
1016 3415 1087 3472 Gall.
1105 3433 1168 3490 opp.
1188 3413 1318 3474 occidere

285 3483 334 3542 Ed.
354 3485 439 3536 Princ.
458 3495 487 3538 et
504 3483 569 3537 obs.
588 3485 730 3556 repeliunt.

319 3553 350 3604 V.
362 3573 450 3675 fipep.
468 3555 607 3627 Herculia)
644 3553 705 3608 Sola
724 3556 799 3628 quod
816 3557 899 3610 seiam
918 3557 968 3615 et.
985 3559 1080 3613 Decer-
1098 3557 1238 3626 Herculi5
1257 3559 1304 3609 cul

283 3639 342 3677 runa
383 3641 434 3677 ter.

285 3693 577 3839 asf'tt‘ittztl.
594 3692 804 3836 ,Editt‘ibianii
815 3694 1016 3828 &iiiiii
1036 3698 1294 3830 ‘tiltttjt‘t‘f
1302 3711 1317 3822 l

286 3853 351 3908 opp.
369 3846 398 3889 et
413 3836 463 3892 ud.
481 3839 562 3890 llere.
583 3849 638 3890 tum
654 3851 773 3907 propter.
793 3835 873 3888 Bene.

346 3907 429 3978 serra
449 3909 601 3972 auxilium)
638 3908 711 3964 Crat,
742 3914 770 3958 et
790 3907 882 3958 Decer.
911 3907 1029 3980 adsta-ra.
1058 3911 1133 3979 quod
1158 3926 1216 3961 non
1236 3907 1316 3962 dama

285 3977 350 4030 dum
378 3985 470 4028 censet
488 3977 634 4046 Wopkens.
654 3993 679 4045 p.
704 3979 741 4032 18.
778 3974 850 4029 Sene
869 3977 972 4032 Terent
999 3979 1113 4050 Adelph.
1129 3979 1173 4032 lll.
1190 3997 1215 4030 a.
1233 3997 1258 4030 a.
1279 3997 1316 4034 att

288 4048 363 4102 nisit
381 4045 520 4121 adstruat·
557 4047 636 4116 Apul.
662 4045 697 4098 de
723 4045 816 4096 Mund.
842 4065 870 4116 p.
888 4051 946 4118 344.
965 4067 1041 4120 opem
1057 4051 1159 4105 salutis
1177 4047 1307 4118 adferre.

286 4119 367 4186 Apul.
385 4119 418 4169 dc
441 4119 535 4187 Dogm.
553 4116 618 4168 Plrt.
641 4133 666 4184 p·
686 4119 738 4169 256
764 4119 900 4172 auxilinm
921 4117 1038 4189 dej'erre.
1315 4141 1316 4151 ¹

354 4190 481 4255 existere)
517 4187 685 4242 Infinitivom
713 4199 862 4252 agnoscunt
886 4187 960 4243 MSS.
980 4193 1031 4242 met
1052 4189 1179 4242 cillere.
1217 4185 1315 4256 Exspr

285 4259 444 4323 existerent,
462 4265 491 4310 ut
508 4257 670 4326 exprimitur
691 4259 718 4308 in
738 4255 786 4310 Ed.
805 4257 911 4320 Princ„
928 4259 1003 4314 Crat.
1016 4270 1045 4312 ct
1060 4259 1126 4312 Obr.
1164 4257 1220 4310 Sed
1233 4259 1315 4312 Salis
