<?xml version="1.0" encoding="UTF-8"?>
<!DOCTYPE html PUBLIC "-//W3C//DTD XHTML 1.0 Transitional//EN"
    "http://www.w3.org/TR/xhtml1/DTD/xhtml1-transitional.dtd">
<html xmlns="http://www.w3.org/1999/xhtml" xml:lang="en" lang="en">
 <head>
  <title>
</title>
<meta http-equiv="Content-Type" content="text/html;charset=utf-8" />
  <meta name='ocr-system' content='tesseract 3.04.00' />
  <meta name='ocr-capabilities' content='ocr_page ocr_carea ocr_par ocr_line ocrx_word'/>
</head>
<body>
  <div class='ocr_page' id='page_1' title='image "./dictyscretensis00dictgoog/dictyscretensis00dictgoog_0199.png"; bbox 0 0 2860 4688; ppageno 0'>
   <div class='ocr_carea' id='block_1_1' title="bbox 453 379 1208 466">
    <p class='ocr_par' dir='ltr' id='par_1_1' title="bbox 453 379 1208 466">
     <span class='ocr_line' id='line_1_1' title="bbox 453 379 1208 466; baseline 0.013 -10"><span class='ocrx_word' id='word_1_1' title='bbox 453 405 549 458; x_wconf 80' lang='lat' dir='ltr'><strong>sums</strong></span> <span class='ocrx_word' id='word_1_2' title='bbox 573 405 720 458; x_wconf 79' lang='lat' dir='ltr'><strong>morsm</strong></span> <span class='ocrx_word' id='word_1_3' title='bbox 743 379 819 459; x_wconf 80' lang='lat' dir='ltr'><strong>un&#39;</strong></span> <span class='ocrx_word' id='word_1_4' title='bbox 835 407 879 460; x_wconf 87' lang='lat' dir='ltr'><strong>rs.</strong></span> <span class='ocrx_word' id='word_1_5' title='bbox 1158 393 1208 466; x_wconf 78' lang='grc'><strong>89</strong></span> 
     </span>
    </p>
   </div>
   <div class='ocr_carea' id='block_1_2' title="bbox 105 595 1263 2578">
    <p class='ocr_par' dir='ltr' id='par_1_2' title="bbox 105 595 1209 911">
     <span class='ocr_line' id='line_1_2' title="bbox 105 595 1208 706; baseline 0.001 -30"><span class='ocrx_word' id='word_1_6' title='bbox 105 595 310 686; x_wconf 87' lang='lat' dir='ltr'><strong>nuntiata,</strong></span> <span class='ocrx_word' id='word_1_7' title='bbox 327 595 538 704; x_wconf 78' lang='lat' dir='ltr'><strong>pertinacia</strong></span> <span class='ocrx_word' id='word_1_8' title='bbox 557 598 690 685; x_wconf 88' lang='lat' dir='ltr'><strong>animi,</strong></span> <span class='ocrx_word' id='word_1_9' title='bbox 707 625 758 676; x_wconf 87' lang='lat' dir='ltr'><strong>an</strong></span> <span class='ocrx_word' id='word_1_10' title='bbox 773 601 824 676; x_wconf 90' lang='lat' dir='ltr'><strong>ob</strong></span> <span class='ocrx_word' id='word_1_11' title='bbox 840 625 1009 678; x_wconf 86' lang='lat' dir='ltr'><strong>amorem</strong></span> <span class='ocrx_word' id='word_1_12' title='bbox 1027 599 1208 706; x_wconf 78' lang='lat' dir='ltr'><strong>captivae,</strong></span> 
     </span>
     <span class='ocr_line' id='line_1_3' title="bbox 105 716 1209 826; baseline 0.003 -33"><span class='ocrx_word' id='word_1_13' title='bbox 105 733 255 794; x_wconf 86' lang='lat' dir='ltr'><strong>cuncta</strong></span> <span class='ocrx_word' id='word_1_14' title='bbox 280 735 450 793; x_wconf 84' lang='lat' dir='ltr'><strong>extrema</strong></span> <span class='ocrx_word' id='word_1_15' title='bbox 476 736 584 795; x_wconf 89' lang='lat' dir='ltr'><strong>ratus</strong></span> <span class='ocrx_word' id='word_1_16' title='bbox 605 717 782 826; x_wconf 80' lang='lat' dir='ltr'><strong>experiri,</strong></span> <span class='ocrx_word' id='word_1_17' title='bbox 808 716 910 796; x_wconf 91' lang='lat' dir='ltr'><strong>nibil</strong></span> <span class='ocrx_word' id='word_1_18' title='bbox 932 717 1209 796; x_wconf 88' lang='lat' dir='ltr'><strong>remittendum</strong></span> 
     </span>
     <span class='ocr_line' id='line_1_4' title="bbox 106 831 668 911; baseline 0.005 -3"><span class='ocrx_word' id='word_1_19' title='bbox 106 832 162 908; x_wconf 85' lang='lat' dir='ltr'><strong>de</strong></span> <span class='ocrx_word' id='word_1_20' title='bbox 185 833 379 910; x_wconf 84' lang='lat' dir='ltr'><strong>sententia</strong></span> <span class='ocrx_word' id='word_1_21' title='bbox 404 831 668 911; x_wconf 85' lang='lat' dir='ltr'><strong>destinaverat.</strong></span> 
     </span>
    </p>

    <p class='ocr_par' dir='ltr' id='par_1_3' title="bbox 107 947 1263 2578">
     <span class='ocr_line' id='line_1_5' title="bbox 144 947 1208 1053; baseline 0 -29"><span class='ocrx_word' id='word_1_22' title='bbox 144 995 150 1008; x_wconf 92' lang='lat'><strong>·</strong></span> <span class='ocrx_word' id='word_1_23' title='bbox 215 949 380 1024; x_wconf 84' lang='lat' dir='ltr'><strong>XXXII.</strong></span> <span class='ocrx_word' id='word_1_24' title='bbox 429 949 484 1023; x_wconf 77' lang='lat' dir='ltr'><strong>Fa</strong></span> <span class='ocrx_word' id='word_1_25' title='bbox 506 967 710 1053; x_wconf 81' lang='lat' dir='ltr'><strong>postquam</strong></span> <span class='ocrx_word' id='word_1_26' title='bbox 733 947 894 1025; x_wconf 86' lang='lat' dir='ltr'><strong>Troiani</strong></span> <span class='ocrx_word' id='word_1_27' title='bbox 918 975 1135 1052; x_wconf 81' lang='lat' dir='ltr'><strong>cognovere,</strong></span> <span class='ocrx_word' id='word_1_28' title='bbox 1159 949 1208 1026; x_wconf 89' lang='lat' dir='ltr'><strong>si-</strong></span> 
     </span>
     <span class='ocr_line' id='line_1_6' title="bbox 107 1061 1208 1170; baseline 0.005 -30"><span class='ocrx_word' id='word_1_29' title='bbox 107 1064 195 1140; x_wconf 88' lang='lat' dir='ltr'><strong>mul</strong></span> <span class='ocrx_word' id='word_1_30' title='bbox 224 1089 272 1139; x_wconf 82' lang='lat' dir='ltr'><strong>ex</strong></span> <span class='ocrx_word' id='word_1_31' title='bbox 295 1061 417 1139; x_wconf 88' lang='lat' dir='ltr'><strong>muris</strong></span> <span class='ocrx_word' id='word_1_32' title='bbox 433 1063 774 1167; x_wconf 79' lang='lat' dir='ltr'><strong>conflagrationem</strong></span> <span class='ocrx_word' id='word_1_33' title='bbox 793 1091 1001 1170; x_wconf 90' lang='lat' dir='ltr'><strong>corporum</strong></span> <span class='ocrx_word' id='word_1_34' title='bbox 1018 1063 1208 1145; x_wconf 74' lang='lat' dir='ltr'><strong>assiduam</strong></span> 
     </span>
     <span class='ocr_line' id='line_1_7' title="bbox 108 1177 1209 1285; baseline 0 -29"><span class='ocrx_word' id='word_1_35' title='bbox 108 1179 346 1283; x_wconf 79' lang='lat' dir='ltr'><strong>crebrasque</strong></span> <span class='ocrx_word' id='word_1_36' title='bbox 369 1180 587 1285; x_wconf 72' lang='lat' dir='ltr'>sepulturas</span> <span class='ocrx_word' id='word_1_37' title='bbox 610 1178 973 1269; x_wconf 68' lang='lat' dir='ltr'><strong>animadvertentes,</strong></span> <span class='ocrx_word' id='word_1_38' title='bbox 1004 1177 1209 1284; x_wconf 83' lang='lat' dir='ltr'><strong>doctique,</strong></span> 
     </span>
     <span class='ocr_line' id='line_1_8' title="bbox 108 1295 1210 1402; baseline 0 -28"><span class='ocrx_word' id='word_1_39' title='bbox 108 1297 234 1374; x_wconf 87' lang='lat' dir='ltr'><strong>etiam</strong></span> <span class='ocrx_word' id='word_1_40' title='bbox 251 1297 422 1402; x_wconf 86' lang='lat' dir='ltr'><strong>reliquos</strong></span> <span class='ocrx_word' id='word_1_41' title='bbox 438 1295 682 1376; x_wconf 91' lang='lat' dir='ltr'><strong>incommodo</strong></span> <span class='ocrx_word' id='word_1_42' title='bbox 701 1298 819 1376; x_wconf 87' lang='lat' dir='ltr'><strong>cladis</strong></span> <span class='ocrx_word' id='word_1_43' title='bbox 834 1297 917 1376; x_wconf 88' lang='lat' dir='ltr'><strong>eius</strong></span> <span class='ocrx_word' id='word_1_44' title='bbox 930 1297 1074 1374; x_wconf 83' lang='lat' dir='ltr'><strong>debiles</strong></span> <span class='ocrx_word' id='word_1_45' title='bbox 1087 1323 1210 1402; x_wconf 79' lang='lat' dir='ltr'><strong>agere,</strong></span> 
     </span>
     <span class='ocr_line' id='line_1_9' title="bbox 109 1414 1210 1522; baseline 0 -30"><span class='ocrx_word' id='word_1_46' title='bbox 109 1414 309 1492; x_wconf 80' lang='lat' dir='ltr'><strong>cohortati</strong></span> <span class='ocrx_word' id='word_1_47' title='bbox 334 1415 437 1492; x_wconf 90' lang='lat' dir='ltr'><strong>inter</strong></span> <span class='ocrx_word' id='word_1_48' title='bbox 461 1439 500 1491; x_wconf 88' lang='lat' dir='ltr'><strong>se</strong></span> <span class='ocrx_word' id='word_1_49' title='bbox 524 1442 633 1491; x_wconf 87' lang='lat' dir='ltr'><strong>arma</strong></span> <span class='ocrx_word' id='word_1_50' title='bbox 660 1415 833 1522; x_wconf 84' lang='lat' dir='ltr'><strong>cupiunt,</strong></span> <span class='ocrx_word' id='word_1_51' title='bbox 858 1441 905 1491; x_wconf 87' lang='lat' dir='ltr'><strong>uo</strong></span> <span class='ocrx_word' id='word_1_52' title='bbox 929 1439 1094 1520; x_wconf 84' lang='lat' dir='ltr'><strong>propere</strong></span> <span class='ocrx_word' id='word_1_53' title='bbox 1117 1439 1210 1492; x_wconf 91' lang='lat' dir='ltr'><strong>cum</strong></span> 
     </span>
     <span class='ocr_line' id='line_1_10' title="bbox 110 1529 1209 1640; baseline -0.001 -31"><span class='ocrx_word' id='word_1_54' title='bbox 110 1559 238 1610; x_wconf 86' lang='lat' dir='ltr'><strong>manu</strong></span> <span class='ocrx_word' id='word_1_55' title='bbox 280 1532 461 1609; x_wconf 84' lang='lat' dir='ltr'><strong>auxiliari</strong></span> <span class='ocrx_word' id='word_1_56' title='bbox 496 1532 608 1610; x_wconf 83' lang='lat' dir='ltr'><strong>effusi</strong></span> <span class='ocrx_word' id='word_1_57' title='bbox 642 1533 765 1640; x_wconf 87' lang='lat' dir='ltr'><strong>portis</strong></span> <span class='ocrx_word' id='word_1_58' title='bbox 795 1549 963 1638; x_wconf 78' lang='lat' dir='ltr'><strong>pergunt</strong></span> <span class='ocrx_word' id='word_1_59' title='bbox 993 1529 1209 1608; x_wconf 84' lang='lat' dir='ltr'><strong>advorsum.</strong></span> 
     </span>
     <span class='ocr_line' id='line_1_11' title="bbox 110 1647 1211 1757; baseline -0.003 -30"><span class='ocrx_word' id='word_1_60' title='bbox 110 1655 170 1727; x_wconf 79' lang='lat' dir='ltr'><strong>Ac</strong></span> <span class='ocrx_word' id='word_1_61' title='bbox 200 1647 295 1726; x_wconf 87' lang='lat' dir='ltr'><strong>dein</strong></span> <span class='ocrx_word' id='word_1_62' title='bbox 328 1675 400 1754; x_wconf 90' lang='lat' dir='ltr'><strong>per</strong></span> <span class='ocrx_word' id='word_1_63' title='bbox 429 1675 583 1757; x_wconf 73' lang='lat' dir='ltr'><strong>campos</strong></span> <span class='ocrx_word' id='word_1_64' title='bbox 606 1651 778 1727; x_wconf 78' lang='lat' dir='ltr'><strong>exercitu</strong></span> <span class='ocrx_word' id='word_1_65' title='bbox 802 1647 1008 1754; x_wconf 86' lang='lat' dir='ltr'><strong>bipartito,</strong></span> <span class='ocrx_word' id='word_1_66' title='bbox 1031 1647 1211 1724; x_wconf 80' lang='lat' dir='ltr'><strong>Troianis</strong></span> 
     </span>
     <span class='ocr_line' id='line_1_12' title="bbox 110 1764 1239 1882; baseline 0 -38"><span class='ocrx_word' id='word_1_67' title='bbox 110 1769 277 1855; x_wconf 84' lang='lat' dir='ltr'><strong>Hector,</strong></span> <span class='ocrx_word' id='word_1_68' title='bbox 307 1766 504 1874; x_wconf 85' lang='lat' dir='ltr'><strong>Sarpedon</strong></span> <span class='ocrx_word' id='word_1_69' title='bbox 536 1767 791 1846; x_wconf 82' lang='lat' dir='ltr'><strong>auxiliaribus</strong></span> <span class='ocrx_word' id='word_1_70' title='bbox 814 1765 930 1844; x_wconf 89' lang='lat' dir='ltr'><strong>duces</strong></span> <span class='ocrx_word' id='word_1_71' title='bbox 952 1764 1056 1844; x_wconf 84' lang='lat' dir='ltr'><strong>lacti.</strong></span> <span class='ocrx_word' id='word_1_72' title='bbox 1103 1767 1239 1882; x_wconf 38' lang='lat' dir='ltr'><strong>Tum·</strong></span> 
     </span>
     <span class='ocr_line' id='line_1_13' title="bbox 112 1880 1263 1989; baseline -0.003 -27"><span class='ocrx_word' id='word_1_73' title='bbox 112 1883 249 1976; x_wconf 84' lang='lat' dir='ltr'><strong>nostri,</strong></span> <span class='ocrx_word' id='word_1_74' title='bbox 275 1883 362 1962; x_wconf 83' lang='lat' dir='ltr'><strong>visis</strong></span> <span class='ocrx_word' id='word_1_75' title='bbox 385 1903 519 1964; x_wconf 87' lang='lat' dir='ltr'><strong>contra</strong></span> <span class='ocrx_word' id='word_1_76' title='bbox 543 1885 733 1977; x_wconf 87' lang='lat' dir='ltr'><strong>hostibus,</strong></span> <span class='ocrx_word' id='word_1_77' title='bbox 759 1883 898 1960; x_wconf 90' lang='lat' dir='ltr'><strong>armati</strong></span> <span class='ocrx_word' id='word_1_78' title='bbox 923 1900 1041 1986; x_wconf 87' lang='lat' dir='ltr'><strong>atque</strong></span> <span class='ocrx_word' id='word_1_79' title='bbox 1067 1880 1209 1960; x_wconf 84' lang='lat' dir='ltr'><strong>in&#39;stru·</strong></span> <span class='ocrx_word' id='word_1_80' title='bbox 1259 1979 1263 1989; x_wconf 24' lang='grc'>1</span> 
     </span>
     <span class='ocr_line' id='line_1_14' title="bbox 112 2000 1209 2108; baseline -0.002 -30"><span class='ocrx_word' id='word_1_81' title='bbox 112 2001 169 2078; x_wconf 89' lang='lat' dir='ltr'><strong>cti</strong></span> <span class='ocrx_word' id='word_1_82' title='bbox 209 2027 284 2107; x_wconf 87' lang='lat' dir='ltr'><strong>pro</strong></span> <span class='ocrx_word' id='word_1_83' title='bbox 317 2002 490 2106; x_wconf 82' lang='lat' dir='ltr'><strong>negotio,</strong></span> <span class='ocrx_word' id='word_1_84' title='bbox 530 2001 697 2108; x_wconf 81' lang='lat' dir='ltr'><strong>simplici</strong></span> <span class='ocrx_word' id='word_1_85' title='bbox 735 2001 857 2078; x_wconf 83' lang='lat' dir='ltr'><strong>forma</strong></span> <span class='ocrx_word' id='word_1_86' title='bbox 893 2000 1013 2076; x_wconf 90' lang='lat' dir='ltr'><strong>aciem</strong></span> <span class='ocrx_word' id='word_1_87' title='bbox 1052 2024 1209 2105; x_wconf 90' lang='lat' dir='ltr'><strong>compo·</strong></span> 
     </span>
     <span class='ocr_line' id='line_1_15' title="bbox 113 2113 1208 2230; baseline -0.001 -35"><span class='ocrx_word' id='word_1_88' title='bbox 113 2143 247 2209; x_wconf 86' lang='lat' dir='ltr'><strong>suere,</strong></span> <span class='ocrx_word' id='word_1_89' title='bbox 296 2117 396 2194; x_wconf 86' lang='lat' dir='ltr'><strong>circa</strong></span> <span class='ocrx_word' id='word_1_90' title='bbox 441 2144 588 2194; x_wconf 84' lang='lat' dir='ltr'><strong>cornua</strong></span> <span class='ocrx_word' id='word_1_91' title='bbox 631 2117 759 2196; x_wconf 84' lang='lat' dir='ltr'><strong>divisis</strong></span> <span class='ocrx_word' id='word_1_92' title='bbox 798 2117 985 2194; x_wconf 90' lang='lat' dir='ltr'><strong>ducibus:</strong></span> <span class='ocrx_word' id='word_1_93' title='bbox 1028 2113 1208 2230; x_wconf 54' lang='lat' dir='ltr'><strong>dextgum</strong></span> 
     </span>
     <span class='ocr_line' id='line_1_16' title="bbox 114 2235 1208 2324; baseline -0.004 -10"><span class='ocrx_word' id='word_1_94' title='bbox 114 2236 288 2314; x_wconf 78' lang='lat' dir='ltr'><strong>Achilles</strong></span> <span class='ocrx_word' id='word_1_95' title='bbox 308 2262 415 2312; x_wconf 70' lang='lat' dir='ltr'><strong>cum</strong></span> <span class='ocrx_word' id='word_1_96' title='bbox 450 2235 676 2324; x_wconf 85' lang='lat' dir='ltr'><strong>Antilocbo,</strong></span> <span class='ocrx_word' id='word_1_97' title='bbox 714 2238 881 2313; x_wconf 84' lang='lat' dir='ltr'><strong>alterum</strong></span> <span class='ocrx_word' id='word_1_98' title='bbox 915 2235 1012 2312; x_wconf 78' lang='lat' dir='ltr'><strong>Aiax</strong></span> <span class='ocrx_word' id='word_1_99' title='bbox 1034 2235 1208 2312; x_wconf 83' lang='lat' dir='ltr'><strong>Telamo-</strong></span> 
     </span>
     <span class='ocr_line' id='line_1_17' title="bbox 115 2348 1208 2456; baseline 0 -30"><span class='ocrx_word' id='word_1_100' title='bbox 115 2349 207 2428; x_wconf 86' lang='lat' dir='ltr'><strong>nius</strong></span> <span class='ocrx_word' id='word_1_101' title='bbox 242 2376 334 2427; x_wconf 90' lang='lat' dir='ltr'><strong>cum</strong></span> <span class='ocrx_word' id='word_1_102' title='bbox 376 2348 566 2426; x_wconf 89' lang='lat' dir='ltr'><strong>Diomede</strong></span> <span class='ocrx_word' id='word_1_103' title='bbox 609 2351 816 2446; x_wconf 88' lang='lat' dir='ltr'><strong>curabant,</strong></span> <span class='ocrx_word' id='word_1_104' title='bbox 851 2348 996 2427; x_wconf 87' lang='lat' dir='ltr'><strong>medios</strong></span> <span class='ocrx_word' id='word_1_105' title='bbox 1026 2375 1208 2456; x_wconf 80' lang='lat' dir='ltr'><strong>accepere</strong></span> 
     </span>
     <span class='ocr_line' id='line_1_18' title="bbox 115 2465 1247 2578; baseline 0.001 -35"><span class='ocrx_word' id='word_1_106' title='bbox 115 2467 216 2544; x_wconf 78' lang='lat' dir='ltr'><strong>atax</strong></span> <span class='ocrx_word' id='word_1_107' title='bbox 246 2468 347 2544; x_wconf 89' lang='lat' dir='ltr'><strong>alter</strong></span> <span class='ocrx_word' id='word_1_108' title='bbox 383 2486 501 2578; x_wconf 85' lang='lat' dir='ltr'><strong>atqua</strong></span> <span class='ocrx_word' id='word_1_109' title='bbox 532 2465 775 2556; x_wconf 86' lang='lat' dir='ltr'><strong>Idomeneus,</strong></span> <span class='ocrx_word' id='word_1_110' title='bbox 810 2467 891 2546; x_wconf 81' lang='lat' dir='ltr'><strong>dux</strong></span> <span class='ocrx_word' id='word_1_111' title='bbox 927 2485 1066 2548; x_wconf 82' lang='lat' dir='ltr'><strong>noster.</strong></span> <span class='ocrx_word' id='word_1_112' title='bbox 1122 2467 1208 2544; x_wconf 89' lang='lat' dir='ltr'><strong>Hoc</strong></span> <span class='ocrx_word' id='word_1_113' title='bbox 1244 2489 1247 2496; x_wconf 82' lang='lat'>·</span> 
     </span>
    </p>
   </div>
   <div class='ocr_carea' id='block_1_3' title="bbox 112 2801 1231 3792">
    <p class='ocr_par' dir='ltr' id='par_1_4' title="bbox 112 2801 1207 3004">
     <span class='ocr_line' id='line_1_19' title="bbox 183 2801 1207 2876; baseline -0.007 -14"><span class='ocrx_word' id='word_1_114' title='bbox 183 2807 332 2876; x_wconf 67' lang='lat' dir='ltr'><strong>namura)</strong></span> <span class='ocrx_word' id='word_1_115' title='bbox 348 2809 422 2861; x_wconf 87' lang='lat' dir='ltr'><strong>Csst.</strong></span> <span class='ocrx_word' id='word_1_116' title='bbox 441 2805 525 2860; x_wconf 89' lang='lat' dir='ltr'><strong>sddit.</strong></span> <span class='ocrx_word' id='word_1_117' title='bbox 542 2817 615 2861; x_wconf 86' lang='lat' dir='ltr'><strong>sunt.</strong></span> <span class='ocrx_word' id='word_1_118' title='bbox 632 2822 656 2857; x_wconf 84' lang='lat' dir='ltr'><strong>s.</strong></span> <span class='ocrx_word' id='word_1_119' title='bbox 676 2803 765 2858; x_wconf 85' lang='lat' dir='ltr'><strong>Gloss.</strong></span> <span class='ocrx_word' id='word_1_120' title='bbox 799 2801 875 2856; x_wconf 83' lang='lat' dir='ltr'><strong>lnlrs</strong></span> <span class='ocrx_word' id='word_1_121' title='bbox 896 2801 972 2856; x_wconf 79' lang='lat' dir='ltr'><strong>Crat.</strong></span> <span class='ocrx_word' id='word_1_122' title='bbox 988 2801 1132 2873; x_wconf 76' lang='lat' dir='ltr'><strong>pertinaci</strong></span> <span class='ocrx_word' id='word_1_123' title='bbox 1141 2801 1207 2855; x_wconf 83' lang='lat' dir='ltr'><strong>assi·</strong></span> 
     </span>
     <span class='ocr_line' id='line_1_20' title="bbox 112 2873 1207 2948; baseline -0.006 -16"><span class='ocrx_word' id='word_1_124' title='bbox 112 2897 158 2932; x_wconf 77' lang='grc' dir='ltr'><strong>ιο</strong></span> <span class='ocrx_word' id='word_1_125' title='bbox 174 2878 211 2932; x_wconf 83' lang='lat' dir='ltr'><strong>eb</strong></span> <span class='ocrx_word' id='word_1_126' title='bbox 231 2896 323 2932; x_wconf 86' lang='lat' dir='ltr'><strong>ssssre</strong></span> <span class='ocrx_word' id='word_1_127' title='bbox 343 2877 474 2948; x_wconf 79' lang='lat' dir='ltr'><strong>captivae</strong></span> <span class='ocrx_word' id='word_1_128' title='bbox 493 2879 572 2932; x_wconf 85' lang='lat' dir='ltr'><strong>nullo</strong></span> <span class='ocrx_word' id='word_1_129' title='bbox 589 2875 671 2931; x_wconf 83' lang='lat' dir='ltr'><strong>modo</strong></span> <span class='ocrx_word' id='word_1_130' title='bbox 686 2875 816 2947; x_wconf 72' lang='lat' dir='ltr'><strong>seiungi,</strong></span> <span class='ocrx_word' id='word_1_131' title='bbox 833 2885 988 2946; x_wconf 78' lang='lat' dir='ltr'><strong>apparatus</strong></span> <span class='ocrx_word' id='word_1_132' title='bbox 1005 2873 1207 2945; x_wconf 81' lang='lat' dir='ltr'><strong>opperiri,&#39;ssi·</strong></span> 
     </span>
     <span class='ocr_line' id='line_1_21' title="bbox 112 2947 490 3004; baseline -0.008 0"><span class='ocrx_word' id='word_1_133' title='bbox 112 2949 157 3004; x_wconf 75' lang='lat' dir='ltr'><strong>stt</strong></span> <span class='ocrx_word' id='word_1_134' title='bbox 174 2947 209 3002; x_wconf 80' lang='lat' dir='ltr'><strong>ste</strong></span> <span class='ocrx_word' id='word_1_135' title='bbox 229 2951 371 3004; x_wconf 78' lang='lat' dir='ltr'><strong>sententia</strong></span> <span class='ocrx_word' id='word_1_136' title='bbox 390 2955 490 3003; x_wconf 80' lang='lat' dir='ltr'><strong>remiss.</strong></span> 
     </span>
    </p>

    <p class='ocr_par' dir='ltr' id='par_1_5' title="bbox 112 3011 1209 3300">
     <span class='ocr_line' id='line_1_22' title="bbox 184 3011 1207 3135; baseline -0.01 -62"><span class='ocrx_word' id='word_1_137' title='bbox 184 3031 286 3073; x_wconf 69' lang='lat' dir='ltr'><strong>aneta</strong></span> <span class='ocrx_word' id='word_1_138' title='bbox 306 3031 376 3074; x_wconf 77' lang='lat' dir='ltr'><strong>mr.</strong></span> <span class='ocrx_word' id='word_1_139' title='bbox 397 3033 476 3072; x_wconf 85' lang='lat' dir='ltr'><strong>ratus</strong></span> <span class='ocrx_word' id='word_1_140' title='bbox 493 3017 629 3090; x_wconf 74' lang='lat' dir='ltr'><strong>experire)</strong></span> <span class='ocrx_word' id='word_1_141' title='bbox 648 3014 749 3086; x_wconf 79' lang='lat' dir='ltr'><strong>.Quod</strong></span> <span class='ocrx_word' id='word_1_142' title='bbox 765 3013 886 3068; x_wconf 87' lang='lat' dir='ltr'><strong>Perlson.</strong></span> <span class='ocrx_word' id='word_1_143' title='bbox 897 3011 968 3065; x_wconf 88' lang='lat' dir='ltr'><strong>Diss.</strong></span> <span class='ocrx_word' id='word_1_144' title='bbox 978 3011 1124 3135; x_wconf 51' lang='lat' dir='ltr'><strong>inm</strong></span> <span class='ocrx_word' id='word_1_145' title='bbox 1139 3011 1207 3066; x_wconf 84' lang='lat' dir='ltr'><strong>seri-</strong></span> 
     </span>
     <span class='ocr_line' id='line_1_23' title="bbox 112 3081 1207 3162; baseline -0.007 -20"><span class='ocrx_word' id='word_1_146' title='bbox 112 3098 193 3160; x_wconf 84' lang='lat' dir='ltr'><strong>ptum</strong></span> <span class='ocrx_word' id='word_1_147' title='bbox 210 3091 296 3143; x_wconf 78' lang='lat' dir='ltr'><strong>fuisss</strong></span> <span class='ocrx_word' id='word_1_148' title='bbox 316 3091 466 3142; x_wconf 81' lang='lat' dir='ltr'><strong>arbitretur</strong></span> <span class='ocrx_word' id='word_1_149' title='bbox 481 3101 616 3162; x_wconf 74' lang='lat' dir='ltr'><strong>paratus,</strong></span> <span class='ocrx_word' id='word_1_150' title='bbox 639 3085 787 3142; x_wconf 81' lang='lat' dir='ltr'><strong>sustentari</strong></span> <span class='ocrx_word' id='word_1_151' title='bbox 831 3081 975 3137; x_wconf 83' lang='lat' dir='ltr'><strong>ucdsnsmo</strong></span> <span class='ocrx_word' id='word_1_152' title='bbox 997 3101 1013 3136; x_wconf 89' lang='lat' dir='ltr'><strong>o</strong></span> <span class='ocrx_word' id='word_1_153' title='bbox 1038 3083 1147 3138; x_wconf 83' lang='lat' dir='ltr'><strong>videtur</strong></span> <span class='ocrx_word' id='word_1_154' title='bbox 1165 3083 1207 3135; x_wconf 86' lang='lat' dir='ltr'><strong>le-</strong></span> 
     </span>
     <span class='ocr_line' id='line_1_24' title="bbox 113 3103 1209 3231; baseline -0.005 -19"><span class='ocrx_word' id='word_1_155' title='bbox 113 3163 209 3214; x_wconf 79' lang='lat' dir='ltr'><strong>ctione</strong></span> <span class='ocrx_word' id='word_1_156' title='bbox 229 3159 275 3211; x_wconf 78' lang='lat' dir='ltr'><strong>sd.</strong></span> <span class='ocrx_word' id='word_1_157' title='bbox 294 3159 367 3214; x_wconf 86' lang='lat' dir='ltr'><strong>Csst.</strong></span> <span class='ocrx_word' id='word_1_158' title='bbox 386 3173 539 3231; x_wconf 78' lang='lat' dir='ltr'><strong>appas-stus</strong></span> <span class='ocrx_word' id='word_1_159' title='bbox 556 3177 592 3228; x_wconf 87' lang='lat' dir='ltr'><strong>cp</strong></span> <span class='ocrx_word' id='word_1_160' title='bbox 641 3160 689 3213; x_wconf 86' lang='lat' dir='ltr'><strong>iri.</strong></span> <span class='ocrx_word' id='word_1_161' title='bbox 724 3157 780 3212; x_wconf 84' lang='lat' dir='ltr'><strong>Sed</strong></span> <span class='ocrx_word' id='word_1_162' title='bbox 796 3103 828 3210; x_wconf 73' lang='lat' dir='ltr'><strong>sd</strong></span> <span class='ocrx_word' id='word_1_163' title='bbox 847 3167 928 3210; x_wconf 81' lang='lat' dir='ltr'><strong>ratus</strong></span> <span class='ocrx_word' id='word_1_164' title='bbox 950 3153 1057 3210; x_wconf 85' lang='lat' dir='ltr'><strong>idoneis</strong></span> <span class='ocrx_word' id='word_1_165' title='bbox 1074 3153 1209 3226; x_wconf 77' lang='lat' dir='ltr'><strong>exemplis</strong></span> 
     </span>
     <span class='ocr_line' id='line_1_25' title="bbox 112 3228 653 3300; baseline -0.007 -16"><span class='ocrx_word' id='word_1_166' title='bbox 112 3239 210 3284; x_wconf 76' lang='lat' dir='ltr'><strong>tuetur</strong></span> <span class='ocrx_word' id='word_1_167' title='bbox 229 3228 378 3300; x_wconf 82' lang='lat' dir='ltr'><strong>Wopkens.</strong></span> <span class='ocrx_word' id='word_1_168' title='bbox 399 3247 425 3300; x_wconf 85' lang='lat' dir='ltr'><strong>p.</strong></span> <span class='ocrx_word' id='word_1_169' title='bbox 444 3233 487 3287; x_wconf 77' lang='lat'><strong>36.</strong></span> <span class='ocrx_word' id='word_1_170' title='bbox 504 3231 546 3284; x_wconf 82' lang='lat' dir='ltr'><strong>cl.</strong></span> <span class='ocrx_word' id='word_1_171' title='bbox 565 3231 653 3282; x_wconf 72' lang='lat' dir='ltr'><strong>(iuss.</strong></span> 
     </span>
    </p>

    <p class='ocr_par' dir='ltr' id='par_1_6' title="bbox 112 3293 1208 3456">
     <span class='ocr_line' id='line_1_26' title="bbox 185 3293 1208 3374; baseline -0.006 -20"><span class='ocrx_word' id='word_1_172' title='bbox 185 3299 292 3354; x_wconf 82' lang='lat' dir='ltr'><strong>xxxu.</strong></span> <span class='ocrx_word' id='word_1_173' title='bbox 327 3303 374 3356; x_wconf 73' lang='lat' dir='ltr'><strong>Eu</strong></span> <span class='ocrx_word' id='word_1_174' title='bbox 390 3309 551 3374; x_wconf 79' lang='lat' dir='ltr'><strong>postquam)</strong></span> <span class='ocrx_word' id='word_1_175' title='bbox 568 3299 595 3352; x_wconf 82' lang='lat' dir='ltr'><strong>S.</strong></span> <span class='ocrx_word' id='word_1_176' title='bbox 616 3298 689 3352; x_wconf 84' lang='lat' dir='ltr'><strong>Gall.</strong></span> <span class='ocrx_word' id='word_1_177' title='bbox 706 3315 770 3370; x_wconf 82' lang='lat' dir='ltr'><strong>opp·</strong></span> <span class='ocrx_word' id='word_1_178' title='bbox 804 3299 845 3354; x_wconf 80' lang='lat' dir='ltr'><strong>Et</strong></span> <span class='ocrx_word' id='word_1_179' title='bbox 858 3311 950 3371; x_wconf 80' lang='lat' dir='ltr'><strong>postq.</strong></span> <span class='ocrx_word' id='word_1_180' title='bbox 989 3293 1040 3350; x_wconf 79' lang='lat' dir='ltr'><strong>Ed</strong></span> <span class='ocrx_word' id='word_1_181' title='bbox 1066 3293 1141 3350; x_wconf 82' lang='lat' dir='ltr'><strong>Cret.</strong></span> <span class='ocrx_word' id='word_1_182' title='bbox 1170 3297 1208 3350; x_wconf 80' lang='lat' dir='ltr'><strong>As</strong></span> 
     </span>
     <span class='ocr_line' id='line_1_27' title="bbox 112 3383 1129 3456; baseline -0.007 2"><span class='ocrx_word' id='word_1_183' title='bbox 112 3383 202 3442; x_wconf 55' lang='grc' dir='ltr'><strong>Μ·</strong></span> <span class='ocrx_word' id='word_1_184' title='bbox 342 3441 349 3456; x_wconf 96' lang='grc'><strong><em>.</em></strong></span> <span class='ocrx_word' id='word_1_185' title='bbox 657 3438 664 3453; x_wconf 94' lang='grc'><em>.</em></span> <span class='ocrx_word' id='word_1_186' title='bbox 1122 3436 1129 3451; x_wconf 96' lang='grc'><strong><em>.</em></strong></span> 
     </span>
    </p>

    <p class='ocr_par' dir='ltr' id='par_1_7' title="bbox 113 3431 1231 3774">
     <span class='ocr_line' id='line_1_28' title="bbox 184 3431 1208 3510; baseline -0.007 -16"><span class='ocrx_word' id='word_1_187' title='bbox 184 3440 566 3503; x_wconf 72' lang='grc' dir='ltr'><strong>εἰιιυὶ-αιιυηαᾰνιηιηιει.</strong></span> <span class='ocrx_word' id='word_1_188' title='bbox 586 3436 728 3510; x_wconf 73' lang='lat' dir='ltr'><strong>docteque)</strong></span> <span class='ocrx_word' id='word_1_189' title='bbox 748 3437 799 3490; x_wconf 86' lang='lat' dir='ltr'><strong>Ed.</strong></span> <span class='ocrx_word' id='word_1_190' title='bbox 818 3437 890 3490; x_wconf 75' lang='lat' dir='ltr'><strong>Cret</strong></span> <span class='ocrx_word' id='word_1_191' title='bbox 908 3445 938 3492; x_wconf 91' lang='lat' dir='ltr'><strong>et</strong></span> <span class='ocrx_word' id='word_1_192' title='bbox 961 3436 1058 3490; x_wconf 79' lang='lat' dir='ltr'><strong>Decet.</strong></span> <span class='ocrx_word' id='word_1_193' title='bbox 1075 3431 1208 3490; x_wconf 72' lang='lat' dir='ltr'><strong>amma-</strong></span> 
     </span>
     <span class='ocr_line' id='line_1_29' title="bbox 114 3506 1208 3586; baseline -0.007 -22"><span class='ocrx_word' id='word_1_194' title='bbox 114 3525 268 3566; x_wconf 70' lang='lat' dir='ltr'><strong>semaces:</strong></span> <span class='ocrx_word' id='word_1_195' title='bbox 287 3509 429 3586; x_wconf 65' lang='lat' dir='ltr'><strong>doctique.</strong></span> <span class='ocrx_word' id='word_1_196' title='bbox 449 3529 548 3583; x_wconf 83' lang='lat' dir='ltr'><strong>quum,</strong></span> <span class='ocrx_word' id='word_1_197' title='bbox 568 3509 791 3578; x_wconf 81' lang='lat' dir='ltr'><strong>interpunctione</strong></span> <span class='ocrx_word' id='word_1_198' title='bbox 808 3516 921 3573; x_wconf 80' lang='lat' dir='ltr'><strong>mutate,</strong></span> <span class='ocrx_word' id='word_1_199' title='bbox 938 3509 1105 3562; x_wconf 82' lang='lat' dir='ltr'><strong>verissimam</strong></span> <span class='ocrx_word' id='word_1_200' title='bbox 1124 3506 1208 3558; x_wconf 86' lang='lat' dir='ltr'><strong>lecti·-</strong></span> 
     </span>
     <span class='ocr_line' id='line_1_30' title="bbox 114 3577 1231 3651; baseline -0.004 -15"><span class='ocrx_word' id='word_1_201' title='bbox 114 3597 195 3636; x_wconf 74' lang='lat' dir='ltr'><strong>eness</strong></span> <span class='ocrx_word' id='word_1_202' title='bbox 216 3597 278 3634; x_wconf 85' lang='lat' dir='ltr'><strong>essm</strong></span> <span class='ocrx_word' id='word_1_203' title='bbox 299 3584 455 3635; x_wconf 86' lang='lat' dir='ltr'><strong>sententiae</strong></span> <span class='ocrx_word' id='word_1_204' title='bbox 472 3583 543 3634; x_wconf 83' lang='lat' dir='ltr'><strong>estio</strong></span> <span class='ocrx_word' id='word_1_205' title='bbox 563 3583 676 3632; x_wconf 81' lang='lat' dir='ltr'><strong>omuino</strong></span> <span class='ocrx_word' id='word_1_206' title='bbox 695 3579 846 3648; x_wconf 74' lang='lat' dir='ltr'><strong>efflagitet,</strong></span> <span class='ocrx_word' id='word_1_207' title='bbox 874 3587 934 3633; x_wconf 87' lang='lat' dir='ltr'><strong>tum</strong></span> <span class='ocrx_word' id='word_1_208' title='bbox 952 3595 1038 3630; x_wconf 85' lang='lat' dir='ltr'><strong>uexus</strong></span> <span class='ocrx_word' id='word_1_209' title='bbox 1055 3577 1206 3651; x_wconf 80' lang='lat' dir='ltr'><strong>simul-que</strong></span> <span class='ocrx_word' id='word_1_210' title='bbox 1227 3611 1231 3618; x_wconf 90' lang='lat'><em>·</em></span> 
     </span>
     <span class='ocr_line' id='line_1_31' title="bbox 113 3647 1207 3774; baseline -0.008 -68"><span class='ocrx_word' id='word_1_211' title='bbox 113 3657 193 3774; x_wconf 51' lang='lat' dir='ltr'><strong>gro:</strong></span> <span class='ocrx_word' id='word_1_212' title='bbox 218 3653 302 3719; x_wconf 67' lang='grc' dir='ltr'><strong>Μ)</strong></span> <span class='ocrx_word' id='word_1_213' title='bbox 320 3651 466 3704; x_wconf 78' lang='lat' dir='ltr'><strong>ismiliseis</strong></span> <span class='ocrx_word' id='word_1_214' title='bbox 486 3651 620 3722; x_wconf 87' lang='lat' dir='ltr'><strong>Septimio</strong></span> <span class='ocrx_word' id='word_1_215' title='bbox 642 3658 762 3702; x_wconf 87' lang='lat' dir='ltr'><strong>estcum</strong></span> <span class='ocrx_word' id='word_1_216' title='bbox 780 3647 877 3714; x_wconf 78' lang='lat' dir='ltr'><strong>Livio,</strong></span> <span class='ocrx_word' id='word_1_217' title='bbox 904 3649 1052 3712; x_wconf 82' lang='lat' dir='ltr'><strong>Sallustio,</strong></span> <span class='ocrx_word' id='word_1_218' title='bbox 1074 3650 1145 3700; x_wconf 84' lang='lat' dir='ltr'><strong>aliis.</strong></span> <span class='ocrx_word' id='word_1_219' title='bbox 1182 3665 1207 3698; x_wconf 86' lang='lat' dir='ltr'><strong>s.</strong></span> 
     </span>
    </p>

    <p class='ocr_par' dir='ltr' id='par_1_8' title="bbox 141 3717 1208 3792">
     <span class='ocr_line' id='line_1_32' title="bbox 141 3717 1208 3792; baseline -0.003 -18"><span class='ocrx_word' id='word_1_220' title='bbox 141 3723 221 3786; x_wconf 73' lang='lat' dir='ltr'><strong>lesu,</strong></span> <span class='ocrx_word' id='word_1_221' title='bbox 248 3737 299 3773; x_wconf 89' lang='lat' dir='ltr'><strong>nee</strong></span> <span class='ocrx_word' id='word_1_222' title='bbox 317 3737 372 3775; x_wconf 88' lang='lat' dir='ltr'><strong>uon</strong></span> <span class='ocrx_word' id='word_1_223' title='bbox 390 3729 448 3776; x_wconf 84' lang='lat' dir='ltr'><strong>not.</strong></span> <span class='ocrx_word' id='word_1_224' title='bbox 466 3739 503 3774; x_wconf 85' lang='lat' dir='ltr'><strong>cr.</strong></span> <span class='ocrx_word' id='word_1_225' title='bbox 522 3721 557 3772; x_wconf 85' lang='lat' dir='ltr'><strong>sd</strong></span> <span class='ocrx_word' id='word_1_226' title='bbox 575 3738 598 3773; x_wconf 84' lang='lat' dir='ltr'><strong>e.</strong></span> <span class='ocrx_word' id='word_1_227' title='bbox 616 3720 652 3787; x_wconf 67' lang='lat' dir='ltr'><strong>la</strong></span> <span class='ocrx_word' id='word_1_228' title='bbox 672 3727 702 3772; x_wconf 86' lang='lat' dir='ltr'><strong>et</strong></span> <span class='ocrx_word' id='word_1_229' title='bbox 717 3721 760 3792; x_wconf 68' lang='lat'><strong>47.</strong></span> <span class='ocrx_word' id='word_1_230' title='bbox 796 3720 868 3772; x_wconf 82' lang='lat' dir='ltr'><strong>esst</strong></span> <span class='ocrx_word' id='word_1_231' title='bbox 885 3719 955 3774; x_wconf 77' lang='lat' dir='ltr'><strong>Edd.</strong></span> <span class='ocrx_word' id='word_1_232' title='bbox 973 3727 1007 3772; x_wconf 89' lang='lat' dir='ltr'><strong>ut</strong></span> <span class='ocrx_word' id='word_1_233' title='bbox 1022 3723 1052 3772; x_wconf 87' lang='lat' dir='ltr'><strong>et</strong></span> <span class='ocrx_word' id='word_1_234' title='bbox 1067 3717 1144 3771; x_wconf 81' lang='lat' dir='ltr'>MSS.</span> <span class='ocrx_word' id='word_1_235' title='bbox 1168 3718 1208 3771; x_wconf 88' lang='lat' dir='ltr'><strong>si·</strong></span> 
     </span>
    </p>
   </div>
   <div class='ocr_carea' id='block_1_4' title="bbox 18 3790 601 3864">
    <p class='ocr_par' dir='ltr' id='par_1_9' title="bbox 18 3790 601 3864">
     <span class='ocr_line' id='line_1_33' title="bbox 18 3790 601 3864; baseline 0 -24"><span class='ocrx_word' id='word_1_236' title='bbox 18 3837 19 3840; x_wconf 74' lang='grc'>,</span> <span class='ocrx_word' id='word_1_237' title='bbox 111 3793 189 3846; x_wconf 75' lang='lat' dir='ltr'><strong>nal·</strong></span> <span class='ocrx_word' id='word_1_238' title='bbox 201 3790 443 3858; x_wconf 64' lang='lat' dir='ltr'><strong>massarum,</strong></span> <span class='ocrx_word' id='word_1_239' title='bbox 461 3791 601 3864; x_wconf 59' lang='lat' dir='ltr'><strong>doctique,</strong></span> 
     </span>
    </p>
   </div>
   <div class='ocr_carea' id='block_1_5' title="bbox 109 3857 1281 4288">
    <p class='ocr_par' dir='ltr' id='par_1_10' title="bbox 109 3857 1207 4006">
     <span class='ocr_line' id='line_1_34' title="bbox 184 3857 1207 3933; baseline -0.006 -17"><span class='ocrx_word' id='word_1_240' title='bbox 184 3861 336 3932; x_wconf 66' lang='lat' dir='ltr'><strong>utilium)</strong></span> <span class='ocrx_word' id='word_1_241' title='bbox 353 3863 464 3933; x_wconf 75' lang='lat' dir='ltr'><strong>legent.</strong></span> <span class='ocrx_word' id='word_1_242' title='bbox 485 3862 617 3915; x_wconf 83' lang='lat' dir='ltr'><strong>Obrecbti</strong></span> <span class='ocrx_word' id='word_1_243' title='bbox 635 3867 664 3914; x_wconf 88' lang='lat' dir='ltr'><strong>et</strong></span> <span class='ocrx_word' id='word_1_244' title='bbox 679 3859 729 3914; x_wconf 70' lang='lat' dir='ltr'><strong>tut.</strong></span> <span class='ocrx_word' id='word_1_245' title='bbox 747 3862 835 3916; x_wconf 73' lang='lat' dir='ltr'><strong>Pctus</strong></span> <span class='ocrx_word' id='word_1_246' title='bbox 853 3859 1020 3916; x_wconf 66' lang='lat' dir='ltr'><strong>auxiliaris.</strong></span> <span class='ocrx_word' id='word_1_247' title='bbox 1055 3857 1207 3930; x_wconf 80' lang='lat' dir='ltr'><strong>Sequentia</strong></span> 
     </span>
     <span class='ocr_line' id='line_1_35' title="bbox 109 3929 834 4006; baseline -0.004 -18"><span class='ocrx_word' id='word_1_248' title='bbox 109 3929 197 4006; x_wconf 67' lang='lat' dir='ltr'><strong>effusi</strong></span> <span class='ocrx_word' id='word_1_249' title='bbox 209 3937 303 4004; x_wconf 78' lang='lat' dir='ltr'><strong>portis</strong></span> <span class='ocrx_word' id='word_1_250' title='bbox 317 3930 422 3986; x_wconf 83' lang='lat' dir='ltr'><strong>absunt</strong></span> <span class='ocrx_word' id='word_1_251' title='bbox 438 3952 453 3986; x_wconf 87' lang='lat' dir='ltr'><strong>s</strong></span> <span class='ocrx_word' id='word_1_252' title='bbox 474 3935 553 3988; x_wconf 79' lang='lat' dir='ltr'><strong>beru.</strong></span> <span class='ocrx_word' id='word_1_253' title='bbox 572 3931 766 3986; x_wconf 70' lang='lat' dir='ltr'><strong>assumere</strong></span> <span class='ocrx_word' id='word_1_254' title='bbox 831 3987 834 4002; x_wconf 30' lang='lat'>⁵</span> 
     </span>
    </p>

    <p class='ocr_par' dir='ltr' id='par_1_11' title="bbox 109 3997 1281 4288">
     <span class='ocr_line' id='line_1_36' title="bbox 182 3997 1207 4078; baseline -0.002 -22"><span class='ocrx_word' id='word_1_255' title='bbox 182 4021 236 4075; x_wconf 79' lang='lat' dir='ltr'><strong>pec</strong></span> <span class='ocrx_word' id='word_1_256' title='bbox 253 4005 387 4075; x_wconf 70' lang='lat' dir='ltr'><strong>negotio,</strong></span> <span class='ocrx_word' id='word_1_257' title='bbox 405 4004 505 4078; x_wconf 80' lang='lat' dir='ltr'><strong>simpl.)</strong></span> <span class='ocrx_word' id='word_1_258' title='bbox 523 4003 606 4057; x_wconf 79' lang='lat' dir='ltr'><strong>Recte</strong></span> <span class='ocrx_word' id='word_1_259' title='bbox 623 4005 662 4056; x_wconf 87' lang='lat' dir='ltr'><strong>its</strong></span> <span class='ocrx_word' id='word_1_260' title='bbox 683 3997 908 4074; x_wconf 74' lang='lat' dir='ltr'><strong>distinguendum</strong></span> <span class='ocrx_word' id='word_1_261' title='bbox 926 4005 1020 4054; x_wconf 90' lang='lat' dir='ltr'><strong>censet</strong></span> <span class='ocrx_word' id='word_1_262' title='bbox 1028 3999 1158 4056; x_wconf 84' lang='lat' dir='ltr'><strong>Wssseus</strong></span> <span class='ocrx_word' id='word_1_263' title='bbox 1170 3998 1207 4054; x_wconf 86' lang='lat' dir='ltr'><strong>sd</strong></span> 
     </span>
     <span class='ocr_line' id='line_1_37' title="bbox 109 4071 1281 4216; baseline -0.005 -20"><span class='ocrx_word' id='word_1_264' title='bbox 109 4071 414 4216; x_wconf 52' lang='lat' dir='ltr'><strong>&amp;usgpiiiijmms</strong></span> <span class='ocrx_word' id='word_1_265' title='bbox 444 4145 533 4198; x_wconf 79' lang='lat' dir='ltr'><strong>tutes</strong></span> <span class='ocrx_word' id='word_1_266' title='bbox 550 4141 686 4199; x_wconf 83' lang='lat' dir='ltr'><strong>edebatur</strong></span> <span class='ocrx_word' id='word_1_267' title='bbox 698 4142 830 4210; x_wconf 79' lang='lat' dir='ltr'><strong>simplicis</strong></span> <span class='ocrx_word' id='word_1_268' title='bbox 839 4141 960 4212; x_wconf 81' lang='lat' dir='ltr'><strong>formes.</strong></span> <span class='ocrx_word' id='word_1_269' title='bbox 997 4141 1051 4194; x_wconf 87' lang='lat' dir='ltr'><strong>Sed</strong></span> <span class='ocrx_word' id='word_1_270' title='bbox 1065 4137 1206 4194; x_wconf 82' lang='lat' dir='ltr'><strong>MSS.mel</strong></span> <span class='ocrx_word' id='word_1_271' title='bbox 1276 4183 1281 4190; x_wconf 94' lang='lat'><em>.</em></span> 
     </span>
     <span class='ocr_line' id='line_1_38' title="bbox 111 4209 1207 4288; baseline -0.003 -18"><span class='ocrx_word' id='word_1_272' title='bbox 111 4217 237 4286; x_wconf 66' lang='lat' dir='ltr'><strong>duplici</strong></span> <span class='ocrx_word' id='word_1_273' title='bbox 249 4215 367 4284; x_wconf 68' lang='lat' dir='ltr'><strong>forme.</strong></span> <span class='ocrx_word' id='word_1_274' title='bbox 446 4253 452 4267; x_wconf 89' lang='lat'><em>.</em></span> <span class='ocrx_word' id='word_1_275' title='bbox 475 4216 562 4270; x_wconf 83' lang='lat' dir='ltr'><strong>Prius.</strong></span> <span class='ocrx_word' id='word_1_276' title='bbox 583 4216 717 4288; x_wconf 74' lang='lat' dir='ltr'><strong>simplicis</strong></span> <span class='ocrx_word' id='word_1_277' title='bbox 727 4215 833 4286; x_wconf 75' lang='lat' dir='ltr'><strong>fist-mc.</strong></span> <span class='ocrx_word' id='word_1_278' title='bbox 870 4211 983 4269; x_wconf 80' lang='lat' dir='ltr'><strong>Mcdlcl.</strong></span> <span class='ocrx_word' id='word_1_279' title='bbox 996 4209 1129 4265; x_wconf 79' lang='lat' dir='ltr'><strong>Obrecbtl</strong></span> <span class='ocrx_word' id='word_1_280' title='bbox 1142 4213 1207 4267; x_wconf 82' lang='lat' dir='ltr'><strong>siss-</strong></span> 
     </span>
    </p>
   </div>
   <div class='ocr_carea' id='block_1_6' title="bbox 18 4282 909 4360">
    <p class='ocr_par' dir='ltr' id='par_1_12' title="bbox 18 4282 909 4360">
     <span class='ocr_line' id='line_1_39' title="bbox 18 4282 909 4360; baseline -0.009 -15"><span class='ocrx_word' id='word_1_281' title='bbox 18 4343 20 4358; x_wconf 79' lang='grc'>,</span> <span class='ocrx_word' id='word_1_282' title='bbox 112 4285 305 4360; x_wconf 70' lang='lat' dir='ltr'><strong>pliciftossts.</strong></span> <span class='ocrx_word' id='word_1_283' title='bbox 323 4293 408 4359; x_wconf 80' lang='lat' dir='ltr'><strong>etque</strong></span> <span class='ocrx_word' id='word_1_284' title='bbox 425 4285 492 4342; x_wconf 78' lang='lat' dir='ltr'><strong>css.</strong></span> <span class='ocrx_word' id='word_1_285' title='bbox 511 4287 620 4359; x_wconf 69' lang='lat' dir='ltr'><strong>Argent.</strong></span> <span class='ocrx_word' id='word_1_286' title='bbox 638 4285 758 4358; x_wconf 81' lang='lat' dir='ltr'><strong>simplici</strong></span> <span class='ocrx_word' id='word_1_287' title='bbox 769 4282 878 4359; x_wconf 69' lang='lat' dir='ltr'><strong>sores.</strong></span> <span class='ocrx_word' id='word_1_288' title='bbox 889 4323 909 4350; x_wconf 72' lang='lat'>„</span> 
     </span>
    </p>
   </div>
   <div class='ocr_carea' id='block_1_7' title="bbox 0 0 1442 4688">
    <p class='ocr_par' dir='ltr' id='par_1_13' title="bbox 0 0 1442 4688">
     <span class='ocr_line' id='line_1_40' title="bbox 0 0 1442 4688; baseline 0 0"><span class='ocrx_word' id='word_1_289' title='bbox 0 0 1442 4688; x_wconf 95' lang='lat' dir='ltr'><strong> </strong></span> 
     </span>
    </p>
   </div>
  </div>
 </body>
</html>
