<?xml version="1.0" encoding="UTF-8"?>
<!DOCTYPE html PUBLIC "-//W3C//DTD XHTML 1.0 Transitional//EN"
    "http://www.w3.org/TR/xhtml1/DTD/xhtml1-transitional.dtd">
<html xmlns="http://www.w3.org/1999/xhtml" xml:lang="en" lang="en">
 <head>
  <title>
</title>
<meta http-equiv="Content-Type" content="text/html;charset=utf-8" />
  <meta name='ocr-system' content='tesseract 3.04.00' />
  <meta name='ocr-capabilities' content='ocr_page ocr_carea ocr_par ocr_line ocrx_word'/>
</head>
<body>
  <div class='ocr_page' id='page_1' title='image "./dictyscretensis00dictgoog_0014.png"; bbox 0 0 2698 4688; ppageno 0'>
   <div class='ocr_carea' id='block_1_1' title="bbox 276 315 914 371">
    <p class='ocr_par' dir='ltr' id='par_1_1' title="bbox 276 315 914 371">
     <span class='ocr_line' id='line_1_1' title="bbox 276 315 914 371; baseline 0 -1"><span class='ocrx_word' id='word_1_1' title='bbox 276 315 312 370; x_wconf 74' lang='grc' dir='ltr'><strong>Π</strong></span> <span class='ocrx_word' id='word_1_2' title='bbox 720 317 914 371; x_wconf 71' lang='lat' dir='ltr'><strong>animno.</strong></span> 
     </span>
    </p>
   </div>
   <div class='ocr_carea' id='block_1_2' title="bbox 276 483 1259 705">
    <p class='ocr_par' dir='ltr' id='par_1_2' title="bbox 276 483 1259 705">
     <span class='ocr_line' id='line_1_2' title="bbox 276 483 1259 578; baseline -0.007 -5"><span class='ocrx_word' id='word_1_3' title='bbox 276 512 385 573; x_wconf 87' lang='lat' dir='ltr'><strong>citatus</strong></span> <span class='ocrx_word' id='word_1_4' title='bbox 409 507 499 569; x_wconf 88' lang='lat' dir='ltr'><strong>etiam</strong></span> <span class='ocrx_word' id='word_1_5' title='bbox 524 503 681 566; x_wconf 79' lang='lat' dir='ltr'><strong>Welrleri</strong></span> <span class='ocrx_word' id='word_1_6' title='bbox 698 483 802 566; x_wconf 75' lang='lat' dir='ltr'><strong>amicis</strong></span> <span class='ocrx_word' id='word_1_7' title='bbox 821 503 1096 578; x_wconf 81' lang='lat' dir='ltr'><strong>exhortationibus,</strong></span> <span class='ocrx_word' id='word_1_8' title='bbox 1124 505 1222 566; x_wconf 86' lang='lat' dir='ltr'><strong>auctis</strong></span> <span class='ocrx_word' id='word_1_9' title='bbox 1250 527 1259 576; x_wconf 66' lang='lat' dir='ltr'><strong>t</strong></span> 
     </span>
     <span class='ocr_line' id='line_1_3' title="bbox 276 620 1259 705; baseline -0.001 -18"><span class='ocrx_word' id='word_1_10' title='bbox 276 627 331 691; x_wconf 84' lang='lat' dir='ltr'><strong>din</strong></span> <span class='ocrx_word' id='word_1_11' title='bbox 351 627 552 688; x_wconf 87' lang='lat' dir='ltr'><strong>intermissum</strong></span> <span class='ocrx_word' id='word_1_12' title='bbox 574 620 709 682; x_wconf 84' lang='lat' dir='ltr'><strong>laborem</strong></span> <span class='ocrx_word' id='word_1_13' title='bbox 729 620 869 682; x_wconf 76' lang='lat' dir='ltr'><strong>alacriter</strong></span> <span class='ocrx_word' id='word_1_14' title='bbox 889 625 1000 705; x_wconf 80' lang='lat' dir='ltr'>recepi.</span> <span class='ocrx_word' id='word_1_15' title='bbox 1044 621 1132 700; x_wconf 83' lang='lat' dir='ltr'><strong>Quae</strong></span> <span class='ocrx_word' id='word_1_16' title='bbox 1152 633 1259 686; x_wconf 87' lang='lat' dir='ltr'><strong>autern</strong></span> 
     </span>
    </p>
   </div>
   <div class='ocr_carea' id='block_1_3' title="bbox 275 736 1259 822">
    <p class='ocr_par' dir='ltr' id='par_1_3' title="bbox 275 736 1259 822">
     <span class='ocr_line' id='line_1_4' title="bbox 275 736 1259 822; baseline -0.005 -15"><span class='ocrx_word' id='word_1_17' title='bbox 275 753 322 808; x_wconf 87' lang='lat' dir='ltr'><strong>sto</strong></span> <span class='ocrx_word' id='word_1_18' title='bbox 344 740 420 803; x_wconf 87' lang='lat' dir='ltr'><strong>mihi</strong></span> <span class='ocrx_word' id='word_1_19' title='bbox 441 737 564 800; x_wconf 75' lang='lat' dir='ltr'><strong>literunt</strong></span> <span class='ocrx_word' id='word_1_20' title='bbox 584 737 688 800; x_wconf 89' lang='lat' dir='ltr'><strong>critica</strong></span> <span class='ocrx_word' id='word_1_21' title='bbox 709 737 874 820; x_wconf 84' lang='lat' dir='ltr'><strong>praesidia,</strong></span> <span class='ocrx_word' id='word_1_22' title='bbox 904 736 942 799; x_wconf 87' lang='lat' dir='ltr'><strong>de</strong></span> <span class='ocrx_word' id='word_1_23' title='bbox 971 739 1008 798; x_wconf 91' lang='lat' dir='ltr'><strong>iis</strong></span> <span class='ocrx_word' id='word_1_24' title='bbox 1030 737 1080 800; x_wconf 81' lang='lat' dir='ltr'><strong>tic</strong></span> <span class='ocrx_word' id='word_1_25' title='bbox 1100 737 1158 800; x_wconf 92' lang='lat' dir='ltr'><strong>loci</strong></span> <span class='ocrx_word' id='word_1_26' title='bbox 1180 739 1259 822; x_wconf 84' lang='lat' dir='ltr'><strong>quati</strong></span> 
     </span>
    </p>
   </div>
   <div class='ocr_carea' id='block_1_4' title="bbox 275 852 1265 3818">
    <p class='ocr_par' dir='ltr' id='par_1_4' title="bbox 276 852 655 938">
     <span class='ocr_line' id='line_1_5' title="bbox 276 852 655 938; baseline -0.008 -21"><span class='ocrx_word' id='word_1_27' title='bbox 276 859 398 920; x_wconf 85' lang='lat' dir='ltr'><strong>vissime</strong></span> <span class='ocrx_word' id='word_1_28' title='bbox 420 864 526 938; x_wconf 87' lang='lat' dir='ltr'><strong>potero</strong></span> <span class='ocrx_word' id='word_1_29' title='bbox 543 852 655 914; x_wconf 85' lang='lat' dir='ltr'><strong>dicam.</strong></span> 
     </span>
    </p>

    <p class='ocr_par' dir='ltr' id='par_1_5' title="bbox 275 967 1261 1404">
     <span class='ocr_line' id='line_1_6' title="bbox 360 967 1260 1050; baseline 0.002 -20"><span class='ocrx_word' id='word_1_30' title='bbox 360 972 388 1031; x_wconf 87' lang='lat'><strong>1.</strong></span> <span class='ocrx_word' id='word_1_31' title='bbox 431 969 539 1032; x_wconf 77' lang='lat' dir='ltr'><strong>Codex</strong></span> <span class='ocrx_word' id='word_1_32' title='bbox 554 967 767 1050; x_wconf 78' lang='lat' dir='ltr'><strong>Sangallensis,</strong></span> <span class='ocrx_word' id='word_1_33' title='bbox 788 969 828 1029; x_wconf 90' lang='lat' dir='ltr'><strong>D.</strong></span> <span class='ocrx_word' id='word_1_34' title='bbox 842 969 898 1030; x_wconf 86' lang='lat' dir='ltr'><strong>N0.</strong></span> <span class='ocrx_word' id='word_1_35' title='bbox 913 968 986 1030; x_wconf 77' lang='lat'><strong>205.</strong></span> <span class='ocrx_word' id='word_1_36' title='bbox 997 967 1203 1032; x_wconf 75' lang='lat' dir='ltr'><strong>Bibliothecae</strong></span> <span class='ocrx_word' id='word_1_37' title='bbox 1213 971 1260 1032; x_wconf 87' lang='lat' dir='ltr'><strong>Mo</strong></span> 
     </span>
     <span class='ocr_line' id='line_1_7' title="bbox 275 1039 1261 1167; baseline 0 -19"><span class='ocrx_word' id='word_1_38' title='bbox 275 1089 325 1162; x_wconf 92' lang='lat' dir='ltr'><strong>rii,</strong></span> <span class='ocrx_word' id='word_1_39' title='bbox 339 1039 467 1148; x_wconf 79' lang='lat' dir='ltr'><strong>collatsis</strong></span> <span class='ocrx_word' id='word_1_40' title='bbox 478 1086 517 1148; x_wconf 89' lang='lat' dir='ltr'><strong>ab</strong></span> <span class='ocrx_word' id='word_1_41' title='bbox 528 1085 657 1147; x_wconf 89' lang='lat' dir='ltr'><strong>Orellio.</strong></span> <span class='ocrx_word' id='word_1_42' title='bbox 682 1085 874 1148; x_wconf 78' lang='lat' dir='ltr'><strong>Adaei-ibitur</strong></span> <span class='ocrx_word' id='word_1_43' title='bbox 885 1084 986 1148; x_wconf 86' lang='lat' dir='ltr'><strong>secolo</strong></span> <span class='ocrx_word' id='word_1_44' title='bbox 999 1087 1052 1146; x_wconf 86' lang='lat' dir='ltr'><strong>tx.</strong></span> <span class='ocrx_word' id='word_1_45' title='bbox 1067 1087 1261 1167; x_wconf 82' lang='lat' dir='ltr'><strong>Antiquissia</strong></span> 
     </span>
     <span class='ocr_line' id='line_1_8' title="bbox 275 1201 1261 1286; baseline 0.001 -21"><span class='ocrx_word' id='word_1_46' title='bbox 275 1215 307 1265; x_wconf 86' lang='lat' dir='ltr'><strong>et</strong></span> <span class='ocrx_word' id='word_1_47' title='bbox 319 1203 589 1286; x_wconf 84' lang='lat' dir='ltr'><strong>praestantissimus</strong></span> <span class='ocrx_word' id='word_1_48' title='bbox 601 1213 645 1262; x_wconf 88' lang='lat' dir='ltr'><strong>cst</strong></span> <span class='ocrx_word' id='word_1_49' title='bbox 658 1204 793 1264; x_wconf 87' lang='lat' dir='ltr'><strong>omnium</strong></span> <span class='ocrx_word' id='word_1_50' title='bbox 802 1201 938 1284; x_wconf 85' lang='lat' dir='ltr'><strong>Septimii</strong></span> <span class='ocrx_word' id='word_1_51' title='bbox 950 1203 1101 1278; x_wconf 87' lang='lat' dir='ltr'><strong>codicum,</strong></span> <span class='ocrx_word' id='word_1_52' title='bbox 1123 1207 1177 1286; x_wconf 87' lang='lat' dir='ltr'><strong>qui</strong></span> <span class='ocrx_word' id='word_1_53' title='bbox 1191 1205 1261 1266; x_wconf 80' lang='lat' dir='ltr'><strong>adht</strong></span> 
     </span>
     <span class='ocr_line' id='line_1_9' title="bbox 275 1317 1261 1404; baseline -0.001 -20"><span class='ocrx_word' id='word_1_54' title='bbox 275 1321 331 1390; x_wconf 85' lang='lat' dir='ltr'><strong>lati</strong></span> <span class='ocrx_word' id='word_1_55' title='bbox 340 1329 429 1400; x_wconf 81' lang='lat' dir='ltr'><strong>sunt;</strong></span> <span class='ocrx_word' id='word_1_56' title='bbox 444 1320 506 1402; x_wconf 86' lang='lat' dir='ltr'><strong>ipse</strong></span> <span class='ocrx_word' id='word_1_57' title='bbox 523 1318 646 1402; x_wconf 84' lang='lat' dir='ltr'><strong>quidem</strong></span> <span class='ocrx_word' id='word_1_58' title='bbox 658 1317 799 1380; x_wconf 88' lang='lat' dir='ltr'><strong>laborans</strong></span> <span class='ocrx_word' id='word_1_59' title='bbox 811 1320 902 1395; x_wconf 82' lang='lat' dir='ltr'><strong>vitiis,</strong></span> <span class='ocrx_word' id='word_1_60' title='bbox 928 1320 980 1381; x_wconf 89' lang='lat' dir='ltr'><strong>sed</strong></span> <span class='ocrx_word' id='word_1_61' title='bbox 996 1319 1175 1404; x_wconf 75' lang='lat' dir='ltr'><strong>plerumque</strong></span> <span class='ocrx_word' id='word_1_62' title='bbox 1187 1319 1261 1384; x_wconf 80' lang='lat' dir='ltr'><strong>levis</strong></span> 
     </span>
    </p>

    <p class='ocr_par' dir='ltr' id='par_1_6' title="bbox 275 1423 1265 3818">
     <span class='ocr_line' id='line_1_10' title="bbox 358 1423 1262 1518; baseline 0.006 -23"><span class='ocrx_word' id='word_1_63' title='bbox 358 1435 401 1497; x_wconf 90' lang='lat'><strong>11.</strong></span> <span class='ocrx_word' id='word_1_64' title='bbox 445 1433 551 1494; x_wconf 78' lang='lat' dir='ltr'><strong>Codex</strong></span> <span class='ocrx_word' id='word_1_65' title='bbox 571 1433 746 1512; x_wconf 76' lang='lat' dir='ltr'><strong>Bernerrsir,</strong></span> <span class='ocrx_word' id='word_1_66' title='bbox 776 1434 829 1495; x_wconf 66' lang='grc' dir='ltr'><strong>ΝΟ.</strong></span> <span class='ocrx_word' id='word_1_67' title='bbox 853 1435 910 1518; x_wconf 74' lang='lat'><strong>367</strong></span> <span class='ocrx_word' id='word_1_68' title='bbox 925 1423 1084 1511; x_wconf 60' lang='lat' dir='ltr'><strong>‚collatus</strong></span> <span class='ocrx_word' id='word_1_69' title='bbox 1104 1433 1262 1500; x_wconf 81' lang='lat' dir='ltr'><strong>Orellioa</strong></span> 
     </span>
     <span class='ocr_line' id='line_1_11' title="bbox 276 1550 1246 1633; baseline 0.001 -20"><span class='ocrx_word' id='word_1_70' title='bbox 276 1572 295 1613; x_wconf 91' lang='lat' dir='ltr'><strong>a</strong></span> <span class='ocrx_word' id='word_1_71' title='bbox 322 1551 478 1633; x_wconf 79' lang='lat' dir='ltr'><strong>Wengero</strong></span> <span class='ocrx_word' id='word_1_72' title='bbox 506 1551 615 1612; x_wconf 80' lang='lat' dir='ltr'><strong>iuvene</strong></span> <span class='ocrx_word' id='word_1_73' title='bbox 641 1551 794 1612; x_wconf 85' lang='lat' dir='ltr'><strong>Beroensi.</strong></span> <span class='ocrx_word' id='word_1_74' title='bbox 846 1550 1040 1612; x_wconf 80' lang='lat' dir='ltr'><strong>Adseribitur</strong></span> <span class='ocrx_word' id='word_1_75' title='bbox 1069 1552 1119 1612; x_wconf 88' lang='lat' dir='ltr'><strong>hie</strong></span> <span class='ocrx_word' id='word_1_76' title='bbox 1145 1552 1246 1614; x_wconf 87' lang='lat' dir='ltr'><strong>bonae</strong></span> 
     </span>
     <span class='ocr_line' id='line_1_12' title="bbox 275 1663 1262 1746; baseline 0.002 -20"><span class='ocrx_word' id='word_1_77' title='bbox 275 1663 354 1727; x_wconf 87' lang='lat' dir='ltr'><strong>liber</strong></span> <span class='ocrx_word' id='word_1_78' title='bbox 374 1663 477 1726; x_wconf 89' lang='lat' dir='ltr'><strong>seculo</strong></span> <span class='ocrx_word' id='word_1_79' title='bbox 495 1664 586 1724; x_wconf 85' lang='lat' dir='ltr'><strong>Xlll.</strong></span> <span class='ocrx_word' id='word_1_80' title='bbox 630 1663 681 1726; x_wconf 79' lang='lat' dir='ltr'><strong>Ad</strong></span> <span class='ocrx_word' id='word_1_81' title='bbox 701 1665 837 1746; x_wconf 85' lang='lat' dir='ltr'><strong>Septimii</strong></span> <span class='ocrx_word' id='word_1_82' title='bbox 859 1663 914 1726; x_wconf 90' lang='lat' dir='ltr'><strong>lib.</strong></span> <span class='ocrx_word' id='word_1_83' title='bbox 931 1667 973 1731; x_wconf 89' lang='lat' dir='ltr'><strong>ll.</strong></span> <span class='ocrx_word' id='word_1_84' title='bbox 990 1687 1056 1746; x_wconf 87' lang='lat' dir='ltr'><strong>cap.</strong></span> <span class='ocrx_word' id='word_1_85' title='bbox 1071 1665 1125 1744; x_wconf 80' lang='lat'><strong>55,</strong></span> <span class='ocrx_word' id='word_1_86' title='bbox 1147 1667 1203 1728; x_wconf 87' lang='lat' dir='ltr'><strong>nbi</strong></span> <span class='ocrx_word' id='word_1_87' title='bbox 1217 1667 1262 1728; x_wconf 84' lang='lat' dir='ltr'><strong>iris</strong></span> 
     </span>
     <span class='ocr_line' id='line_1_13' title="bbox 276 1776 1263 1861; baseline 0.002 -23"><span class='ocrx_word' id='word_1_88' title='bbox 276 1797 348 1839; x_wconf 88' lang='lat' dir='ltr'><strong>cnm</strong></span> <span class='ocrx_word' id='word_1_89' title='bbox 368 1777 446 1840; x_wconf 87' lang='lat' dir='ltr'><strong>cod.</strong></span> <span class='ocrx_word' id='word_1_90' title='bbox 466 1776 615 1858; x_wconf 72' lang='lat' dir='ltr'><strong>Danielis,</strong></span> <span class='ocrx_word' id='word_1_91' title='bbox 634 1799 723 1861; x_wconf 85' lang='lat' dir='ltr'><strong>quem</strong></span> <span class='ocrx_word' id='word_1_92' title='bbox 743 1779 897 1840; x_wconf 86' lang='lat' dir='ltr'><strong>Merceras</strong></span> <span class='ocrx_word' id='word_1_93' title='bbox 911 1777 1050 1857; x_wconf 86' lang='lat' dir='ltr'><strong>contulit,</strong></span> <span class='ocrx_word' id='word_1_94' title='bbox 1069 1782 1221 1861; x_wconf 77' lang='lat' dir='ltr'><strong>conspirat</strong></span> <span class='ocrx_word' id='word_1_95' title='bbox 1241 1782 1263 1840; x_wconf 83' lang='lat' dir='ltr'><strong>ir</strong></span> 
     </span>
     <span class='ocr_line' id='line_1_14' title="bbox 275 1871 1263 1976; baseline 0.001 -22"><span class='ocrx_word' id='word_1_96' title='bbox 275 1903 398 1976; x_wconf 77' lang='lat' dir='ltr'><strong>pteram</strong></span> <span class='ocrx_word' id='word_1_97' title='bbox 419 1893 554 1972; x_wconf 78' lang='lat' dir='ltr'><strong>adicere,</strong></span> <span class='ocrx_word' id='word_1_98' title='bbox 569 1896 591 1954; x_wconf 85' lang='lat' dir='ltr'><strong>i.</strong></span> <span class='ocrx_word' id='word_1_99' title='bbox 606 1914 633 1954; x_wconf 88' lang='lat' dir='ltr'><strong>e.</strong></span> <span class='ocrx_word' id='word_1_100' title='bbox 652 1893 794 1964; x_wconf 81' lang='lat' dir='ltr'><strong>adiicere,</strong></span> <span class='ocrx_word' id='word_1_101' title='bbox 809 1871 865 1975; x_wconf 81' lang='lat' dir='ltr'><strong>pro</strong></span> <span class='ocrx_word' id='word_1_102' title='bbox 885 1915 947 1976; x_wconf 91' lang='lat' dir='ltr'><strong>quo</strong></span> <span class='ocrx_word' id='word_1_103' title='bbox 960 1905 1032 1954; x_wconf 88' lang='lat' dir='ltr'><strong>cett.</strong></span> <span class='ocrx_word' id='word_1_104' title='bbox 1047 1893 1135 1956; x_wconf 85' lang='lat' dir='ltr'>MSS.</span> <span class='ocrx_word' id='word_1_105' title='bbox 1149 1895 1263 1955; x_wconf 76' lang='lat' dir='ltr'><strong>edicere</strong></span> 
     </span>
     <span class='ocr_line' id='line_1_15' title="bbox 275 2006 1264 2090; baseline 0 -20"><span class='ocrx_word' id='word_1_106' title='bbox 275 2007 361 2082; x_wconf 83' lang='lat' dir='ltr'><strong>beat,</strong></span> <span class='ocrx_word' id='word_1_107' title='bbox 376 2009 417 2070; x_wconf 91' lang='lat' dir='ltr'><strong>sic</strong></span> <span class='ocrx_word' id='word_1_108' title='bbox 427 2008 532 2069; x_wconf 91' lang='lat' dir='ltr'><strong>scribit</strong></span> <span class='ocrx_word' id='word_1_109' title='bbox 542 2007 732 2090; x_wconf 78' lang='lat' dir='ltr'><strong>Wengerus:</strong></span> <span class='ocrx_word' id='word_1_110' title='bbox 758 2010 850 2088; x_wconf 86' lang='lat' dir='ltr'><strong>„lam</strong></span> <span class='ocrx_word' id='word_1_111' title='bbox 868 2006 953 2084; x_wconf 84' lang='lat' dir='ltr'><strong>vides</strong></span> <span class='ocrx_word' id='word_1_112' title='bbox 969 2007 1050 2070; x_wconf 88' lang='lat' dir='ltr'><strong>hunc</strong></span> <span class='ocrx_word' id='word_1_113' title='bbox 1069 2029 1132 2070; x_wconf 86' lang='lat' dir='ltr'><strong>esse</strong></span> <span class='ocrx_word' id='word_1_114' title='bbox 1150 2010 1264 2090; x_wconf 76' lang='lat' dir='ltr'><strong>antiqui</strong></span> 
     </span>
     <span class='ocr_line' id='line_1_16' title="bbox 275 2122 1264 2205; baseline 0 -21"><span class='ocrx_word' id='word_1_115' title='bbox 275 2123 368 2186; x_wconf 87' lang='lat' dir='ltr'><strong>brnrn</strong></span> <span class='ocrx_word' id='word_1_116' title='bbox 382 2123 519 2184; x_wconf 76' lang='lat' dir='ltr'><strong>Danielis</strong></span> <span class='ocrx_word' id='word_1_117' title='bbox 536 2123 613 2202; x_wconf 78' lang='lat' dir='ltr'><strong>(scil.</strong></span> <span class='ocrx_word' id='word_1_118' title='bbox 635 2123 720 2186; x_wconf 92' lang='lat' dir='ltr'><strong>Petri</strong></span> <span class='ocrx_word' id='word_1_119' title='bbox 732 2122 887 2202; x_wconf 82' lang='lat' dir='ltr'><strong>Danielis),</strong></span> <span class='ocrx_word' id='word_1_120' title='bbox 913 2124 999 2183; x_wconf 87' lang='lat' dir='ltr'><strong>cuias</strong></span> <span class='ocrx_word' id='word_1_121' title='bbox 1012 2124 1103 2184; x_wconf 88' lang='lat' dir='ltr'><strong>etiam</strong></span> <span class='ocrx_word' id='word_1_122' title='bbox 1121 2143 1232 2185; x_wconf 87' lang='lat' dir='ltr'><strong>nomen</strong></span> <span class='ocrx_word' id='word_1_123' title='bbox 1250 2146 1264 2205; x_wconf 71' lang='lat' dir='ltr'>p</span> 
     </span>
     <span class='ocr_line' id='line_1_17' title="bbox 278 2236 1264 2322; baseline 0 -24"><span class='ocrx_word' id='word_1_124' title='bbox 278 2239 407 2322; x_wconf 70' lang='lat' dir='ltr'><strong>paginae</strong></span> <span class='ocrx_word' id='word_1_125' title='bbox 426 2238 603 2320; x_wconf 86' lang='lat' dir='ltr'><strong>inscriptum</strong></span> <span class='ocrx_word' id='word_1_126' title='bbox 622 2237 714 2298; x_wconf 78' lang='lat' dir='ltr'><strong>inisse</strong></span> <span class='ocrx_word' id='word_1_127' title='bbox 734 2236 810 2296; x_wconf 86' lang='lat' dir='ltr'><strong>mihi</strong></span> <span class='ocrx_word' id='word_1_128' title='bbox 831 2237 972 2312; x_wconf 84' lang='lat' dir='ltr'><strong>videtur‚·</strong></span> <span class='ocrx_word' id='word_1_129' title='bbox 1004 2255 1224 2298; x_wconf 73' lang='lat' dir='ltr'><strong>nunc-erasum</strong></span> <span class='ocrx_word' id='word_1_130' title='bbox 1244 2259 1264 2298; x_wconf 68' lang='lat' dir='ltr'><strong>e:</strong></span> 
     </span>
     <span class='ocr_line' id='line_1_18' title="bbox 278 2348 1265 2434; baseline -0.002 -22"><span class='ocrx_word' id='word_1_131' title='bbox 278 2372 336 2434; x_wconf 82' lang='lat' dir='ltr'><strong>pro</strong></span> <span class='ocrx_word' id='word_1_132' title='bbox 356 2373 393 2414; x_wconf 91' lang='lat' dir='ltr'><strong>eo</strong></span> <span class='ocrx_word' id='word_1_133' title='bbox 421 2353 452 2413; x_wconf 91' lang='lat' dir='ltr'><strong>in</strong></span> <span class='ocrx_word' id='word_1_134' title='bbox 477 2352 584 2432; x_wconf 89' lang='lat' dir='ltr'><strong>quinta</strong></span> <span class='ocrx_word' id='word_1_135' title='bbox 605 2353 713 2433; x_wconf 83' lang='lat' dir='ltr'><strong>pagina</strong></span> <span class='ocrx_word' id='word_1_136' title='bbox 735 2351 888 2432; x_wconf 80' lang='lat' dir='ltr'><strong>Bongarsii</strong></span> <span class='ocrx_word' id='word_1_137' title='bbox 909 2369 1021 2410; x_wconf 86' lang='lat' dir='ltr'><strong>nomen</strong></span> <span class='ocrx_word' id='word_1_138' title='bbox 1042 2348 1190 2432; x_wconf 73' lang='lat' dir='ltr'><strong>legitur.“</strong></span> <span class='ocrx_word' id='word_1_139' title='bbox 1234 2353 1265 2412; x_wconf 73' lang='grc' dir='ltr'><strong>Ο,</strong></span> 
     </span>
     <span class='ocr_line' id='line_1_19' title="bbox 275 2464 1265 2548; baseline -0.002 -18"><span class='ocrx_word' id='word_1_140' title='bbox 275 2468 322 2532; x_wconf 84' lang='lat' dir='ltr'><strong>sic</strong></span> <span class='ocrx_word' id='word_1_141' title='bbox 343 2468 419 2528; x_wconf 86' lang='lat' dir='ltr'><strong>mihi</strong></span> <span class='ocrx_word' id='word_1_142' title='bbox 433 2467 491 2528; x_wconf 89' lang='lat' dir='ltr'><strong>hac</strong></span> <span class='ocrx_word' id='word_1_143' title='bbox 511 2467 551 2528; x_wconf 92' lang='lat' dir='ltr'><strong>de</strong></span> <span class='ocrx_word' id='word_1_144' title='bbox 570 2488 604 2528; x_wconf 93' lang='lat' dir='ltr'><strong>re</strong></span> <span class='ocrx_word' id='word_1_145' title='bbox 626 2466 764 2548; x_wconf 79' lang='lat' dir='ltr'><strong>scripsit:</strong></span> <span class='ocrx_word' id='word_1_146' title='bbox 793 2465 887 2544; x_wconf 86' lang='lat' dir='ltr'><strong>„Der</strong></span> <span class='ocrx_word' id='word_1_147' title='bbox 907 2465 983 2526; x_wconf 89' lang='lat' dir='ltr'><strong>liber</strong></span> <span class='ocrx_word' id='word_1_148' title='bbox 1003 2464 1138 2527; x_wconf 85' lang='lat' dir='ltr'><strong>Danielis</strong></span> <span class='ocrx_word' id='word_1_149' title='bbox 1157 2467 1197 2526; x_wconf 86' lang='lat' dir='ltr'><strong>ist</strong></span> <span class='ocrx_word' id='word_1_150' title='bbox 1214 2489 1265 2528; x_wconf 80' lang='lat' dir='ltr'><strong>wo</strong></span> 
     </span>
     <span class='ocr_line' id='line_1_20' title="bbox 279 2579 1265 2664; baseline -0.003 -18"><span class='ocrx_word' id='word_1_151' title='bbox 279 2584 413 2664; x_wconf 72' lang='lat' dir='ltr'><strong>v&#39;o&#39;lliger</strong></span> <span class='ocrx_word' id='word_1_152' title='bbox 432 2582 611 2644; x_wconf 78' lang='lat' dir='ltr'><strong>Gewissteic</strong></span> <span class='ocrx_word' id='word_1_153' title='bbox 629 2579 771 2642; x_wconf 68' lang='lat' dir='ltr'><strong>idemrscls</strong></span> <span class='ocrx_word' id='word_1_154' title='bbox 788 2581 842 2640; x_wconf 87' lang='lat' dir='ltr'><strong>mit</strong></span> <span class='ocrx_word' id='word_1_155' title='bbox 860 2580 928 2642; x_wconf 85' lang='lat' dir='ltr'><strong>dem</strong></span> <span class='ocrx_word' id='word_1_156' title='bbox 949 2579 1026 2640; x_wconf 89' lang='lat' dir='ltr'><strong>Cod.</strong></span> <span class='ocrx_word' id='word_1_157' title='bbox 1050 2580 1225 2656; x_wconf 85' lang='lat' dir='ltr'><strong>Beroensia‚</strong></span> <span class='ocrx_word' id='word_1_158' title='bbox 1247 2581 1265 2642; x_wconf 80' lang='lat' dir='ltr'><em>d</em></span> 
     </span>
     <span class='ocr_line' id='line_1_21' title="bbox 280 2693 1265 2768; baseline 0 -10"><span class='ocrx_word' id='word_1_159' title='bbox 280 2698 359 2758; x_wconf 84' lang='lat' dir='ltr'><strong>niele</strong></span> <span class='ocrx_word' id='word_1_160' title='bbox 391 2696 678 2760; x_wconf 63' lang='lat' dir='ltr'><strong>catalanenses</strong></span> <span class='ocrx_word' id='word_1_161' title='bbox 705 2708 800 2758; x_wconf 71' lang='lat' dir='ltr'><strong>areret</strong></span> <span class='ocrx_word' id='word_1_162' title='bbox 817 2695 886 2759; x_wconf 85' lang='lat' dir='ltr'><strong>dem</strong></span> <span class='ocrx_word' id='word_1_163' title='bbox 908 2697 1016 2758; x_wconf 81' lang='lat' dir='ltr'><strong>Petnrs</strong></span> <span class='ocrx_word' id='word_1_164' title='bbox 1035 2693 1168 2768; x_wconf 72' lang='lat' dir='ltr'><strong>Daniel,</strong></span> <span class='ocrx_word' id='word_1_165' title='bbox 1195 2697 1265 2760; x_wconf 79' lang='lat' dir='ltr'><strong>dara</strong></span> 
     </span>
     <span class='ocr_line' id='line_1_22' title="bbox 280 2809 1260 2894; baseline 0.002 -22"><span class='ocrx_word' id='word_1_166' title='bbox 280 2811 463 2894; x_wconf 76' lang='lat' dir='ltr'><strong>Bongarsius</strong></span> <span class='ocrx_word' id='word_1_167' title='bbox 490 2815 651 2894; x_wconf 77' lang='lat' dir='ltr'><strong>gelriirten,</strong></span> <span class='ocrx_word' id='word_1_168' title='bbox 676 2810 770 2872; x_wconf 71' lang='lat' dir='ltr'><strong>dost</strong></span> <span class='ocrx_word' id='word_1_169' title='bbox 794 2810 898 2872; x_wconf 53' lang='lat' dir='ltr'><strong>&amp;aaa</strong></span> <span class='ocrx_word' id='word_1_170' title='bbox 918 2809 1021 2872; x_wconf 83' lang='lat' dir='ltr'><strong>Erbeo</strong></span> <span class='ocrx_word' id='word_1_171' title='bbox 1044 2812 1090 2872; x_wconf 86' lang='lat' dir='ltr'><strong>sie</strong></span> <span class='ocrx_word' id='word_1_172' title='bbox 1111 2813 1192 2873; x_wconf 69' lang='lat' dir='ltr'><strong>cirea</strong></span> <span class='ocrx_word' id='word_1_173' title='bbox 1224 2813 1260 2874; x_wconf 78' lang='lat'><strong>16</strong></span> 
     </span>
     <span class='ocr_line' id='line_1_23' title="bbox 281 2921 1262 3006; baseline 0.005 -21"><span class='ocrx_word' id='word_1_174' title='bbox 281 2921 367 2986; x_wconf 82' lang='lat' dir='ltr'><strong>Rern</strong></span> <span class='ocrx_word' id='word_1_175' title='bbox 385 2927 507 3006; x_wconf 71' lang='lat' dir='ltr'><strong>gelangt</strong></span> <span class='ocrx_word' id='word_1_176' title='bbox 531 2925 638 2986; x_wconf 79' lang='lat' dir='ltr'><strong>sr&#39;ad.“</strong></span> <span class='ocrx_word' id='word_1_177' title='bbox 692 2923 755 2987; x_wconf 89' lang='lat' dir='ltr'><strong>Sed</strong></span> <span class='ocrx_word' id='word_1_178' title='bbox 780 2923 857 2986; x_wconf 83' lang='lat' dir='ltr'><strong>cod.</strong></span> <span class='ocrx_word' id='word_1_179' title='bbox 886 2925 971 2986; x_wconf 85' lang='lat' dir='ltr'><strong>Petri</strong></span> <span class='ocrx_word' id='word_1_180' title='bbox 999 2925 1136 2988; x_wconf 87' lang='lat' dir='ltr'><strong>Danielis</strong></span> <span class='ocrx_word' id='word_1_181' title='bbox 1163 2929 1262 2990; x_wconf 90' lang='lat' dir='ltr'><strong>contul</strong></span> 
     </span>
     <span class='ocr_line' id='line_1_24' title="bbox 287 3039 1265 3127; baseline 0.002 -25"><span class='ocrx_word' id='word_1_182' title='bbox 287 3039 377 3104; x_wconf 72' lang='lat'>1583.</span> <span class='ocrx_word' id='word_1_183' title='bbox 407 3041 582 3116; x_wconf 79' lang='lat' dir='ltr'><strong>Mercerns3</strong></span> <span class='ocrx_word' id='word_1_184' title='bbox 611 3051 642 3102; x_wconf 86' lang='lat' dir='ltr'><strong>et</strong></span> <span class='ocrx_word' id='word_1_185' title='bbox 661 3040 803 3102; x_wconf 86' lang='lat' dir='ltr'><strong>lectiones</strong></span> <span class='ocrx_word' id='word_1_186' title='bbox 822 3041 905 3104; x_wconf 82' lang='lat' dir='ltr'><strong>haud</strong></span> <span class='ocrx_word' id='word_1_187' title='bbox 934 3062 1069 3124; x_wconf 87' lang='lat' dir='ltr'><strong>paucae,</strong></span> <span class='ocrx_word' id='word_1_188' title='bbox 1098 3064 1173 3127; x_wconf 86' lang='lat' dir='ltr'><strong>qaas</strong></span> <span class='ocrx_word' id='word_1_189' title='bbox 1192 3045 1265 3108; x_wconf 73' lang='lat' dir='ltr'><strong>riri</strong></span> 
     </span>
     <span class='ocr_line' id='line_1_25' title="bbox 282 3153 1265 3238; baseline 0.005 -21"><span class='ocrx_word' id='word_1_190' title='bbox 282 3157 315 3218; x_wconf 87' lang='lat' dir='ltr'><strong>in</strong></span> <span class='ocrx_word' id='word_1_191' title='bbox 334 3155 418 3217; x_wconf 86' lang='lat' dir='ltr'><strong>Notis</strong></span> <span class='ocrx_word' id='word_1_192' title='bbox 444 3157 506 3217; x_wconf 87' lang='lat' dir='ltr'><strong>suis</strong></span> <span class='ocrx_word' id='word_1_193' title='bbox 536 3153 651 3231; x_wconf 80' lang='lat' dir='ltr'><strong>adfert,</strong></span> <span class='ocrx_word' id='word_1_194' title='bbox 682 3153 826 3216; x_wconf 81' lang='lat' dir='ltr'><strong>differunt</strong></span> <span class='ocrx_word' id='word_1_195' title='bbox 857 3175 877 3216; x_wconf 86' lang='lat' dir='ltr'><strong>a</strong></span> <span class='ocrx_word' id='word_1_196' title='bbox 898 3155 976 3217; x_wconf 83' lang='lat' dir='ltr'><strong>cod.</strong></span> <span class='ocrx_word' id='word_1_197' title='bbox 999 3157 1162 3238; x_wconf 85' lang='lat' dir='ltr'><strong>Beruensi,</strong></span> <span class='ocrx_word' id='word_1_198' title='bbox 1193 3164 1265 3222; x_wconf 82' lang='lat' dir='ltr'><strong>ntis</strong></span> 
     </span>
     <span class='ocr_line' id='line_1_26' title="bbox 283 3266 1265 3341; baseline 0.004 -7"><span class='ocrx_word' id='word_1_199' title='bbox 283 3272 352 3334; x_wconf 87' lang='lat' dir='ltr'><strong>crit.</strong></span> <span class='ocrx_word' id='word_1_200' title='bbox 376 3270 451 3332; x_wconf 88' lang='lat' dir='ltr'><strong>meis</strong></span> <span class='ocrx_word' id='word_1_201' title='bbox 474 3269 578 3332; x_wconf 82' lang='lat' dir='ltr'><strong>videre</strong></span> <span class='ocrx_word' id='word_1_202' title='bbox 600 3267 680 3332; x_wconf 89' lang='lat' dir='ltr'><strong>licet.</strong></span> <span class='ocrx_word' id='word_1_203' title='bbox 724 3270 756 3331; x_wconf 91' lang='lat' dir='ltr'><strong>Si</strong></span> <span class='ocrx_word' id='word_1_204' title='bbox 768 3266 967 3333; x_wconf 87' lang='lat' dir='ltr'><strong>nihilominus</strong></span> <span class='ocrx_word' id='word_1_205' title='bbox 984 3270 1068 3336; x_wconf 88' lang='lat' dir='ltr'><strong>illam</strong></span> <span class='ocrx_word' id='word_1_206' title='bbox 1085 3275 1170 3339; x_wconf 88' lang='lat' dir='ltr'><strong>velut</strong></span> <span class='ocrx_word' id='word_1_207' title='bbox 1182 3277 1265 3341; x_wconf 79' lang='lat' dir='ltr'><strong>ident}</strong></span> 
     </span>
     <span class='ocr_line' id='line_1_27' title="bbox 283 3385 1265 3478; baseline 0.003 -27"><span class='ocrx_word' id='word_1_208' title='bbox 283 3409 348 3452; x_wconf 91' lang='lat' dir='ltr'><strong>non</strong></span> <span class='ocrx_word' id='word_1_209' title='bbox 371 3407 435 3450; x_wconf 81' lang='lat' dir='ltr'><strong>esre</strong></span> <span class='ocrx_word' id='word_1_210' title='bbox 453 3385 616 3449; x_wconf 85' lang='lat' dir='ltr'><strong>credideris</strong></span> <span class='ocrx_word' id='word_1_211' title='bbox 637 3385 719 3468; x_wconf 87' lang='lat' dir='ltr'><strong>quod</strong></span> <span class='ocrx_word' id='word_1_212' title='bbox 741 3387 772 3446; x_wconf 89' lang='lat' dir='ltr'><strong>in</strong></span> <span class='ocrx_word' id='word_1_213' title='bbox 794 3385 1014 3452; x_wconf 86' lang='lat' dir='ltr'><strong>dubitationem</strong></span> <span class='ocrx_word' id='word_1_214' title='bbox 1026 3391 1140 3469; x_wconf 84' lang='lat' dir='ltr'><strong>trahas,</strong></span> <span class='ocrx_word' id='word_1_215' title='bbox 1160 3392 1265 3478; x_wconf 60' lang='lat' dir='ltr'><strong>calpa}</strong></span> 
     </span>
     <span class='ocr_line' id='line_1_28' title="bbox 283 3502 1265 3592; baseline 0.008 -26"><span class='ocrx_word' id='word_1_216' title='bbox 283 3507 419 3567; x_wconf 88' lang='lat' dir='ltr'><strong>curiosae</strong></span> <span class='ocrx_word' id='word_1_217' title='bbox 445 3502 614 3566; x_wconf 89' lang='lat' dir='ltr'><strong>collationis</strong></span> <span class='ocrx_word' id='word_1_218' title='bbox 635 3502 685 3565; x_wconf 80' lang='lat' dir='ltr'><strong>rel</strong></span> <span class='ocrx_word' id='word_1_219' title='bbox 709 3503 865 3586; x_wconf 79' lang='lat' dir='ltr'><strong>Wengero</strong></span> <span class='ocrx_word' id='word_1_220' title='bbox 882 3507 1002 3583; x_wconf 89' lang='lat' dir='ltr'><strong>iuveni,</strong></span> <span class='ocrx_word' id='word_1_221' title='bbox 1028 3507 1077 3571; x_wconf 86' lang='lat' dir='ltr'><strong>vel</strong></span> <span class='ocrx_word' id='word_1_222' title='bbox 1099 3512 1198 3592; x_wconf 89' lang='lat' dir='ltr'><strong>potius</strong></span> <span class='ocrx_word' id='word_1_223' title='bbox 1216 3514 1265 3574; x_wconf 88' lang='lat' dir='ltr'><strong>Me</strong></span> 
     </span>
     <span class='ocr_line' id='line_1_29' title="bbox 283 3617 1252 3713; baseline 0.004 -31"><span class='ocrx_word' id='word_1_224' title='bbox 283 3622 338 3705; x_wconf 89' lang='lat' dir='ltr'><strong>qui</strong></span> <span class='ocrx_word' id='word_1_225' title='bbox 358 3641 390 3682; x_wconf 89' lang='lat' dir='ltr'><strong>se</strong></span> <span class='ocrx_word' id='word_1_226' title='bbox 410 3639 576 3702; x_wconf 82' lang='lat' dir='ltr'><strong>pauecmnr</strong></span> <span class='ocrx_word' id='word_1_227' title='bbox 594 3617 713 3680; x_wconf 84' lang='lat' dir='ltr'><strong>dierum</strong></span> <span class='ocrx_word' id='word_1_228' title='bbox 730 3639 823 3702; x_wconf 86' lang='lat' dir='ltr'><strong>opera</strong></span> <span class='ocrx_word' id='word_1_229' title='bbox 842 3623 1026 3713; x_wconf 80' lang='lat' dir='ltr'><strong>recensuisse</strong></span> <span class='ocrx_word' id='word_1_230' title='bbox 1044 3634 1075 3686; x_wconf 85' lang='lat' dir='ltr'><strong>et</strong></span> <span class='ocrx_word' id='word_1_231' title='bbox 1095 3623 1252 3686; x_wconf 84' lang='lat' dir='ltr'><strong>illustrasse</strong></span> 
     </span>
     <span class='ocr_line' id='line_1_30' title="bbox 285 3734 1265 3818; baseline 0.006 -20"><span class='ocrx_word' id='word_1_232' title='bbox 285 3736 381 3798; x_wconf 89' lang='lat' dir='ltr'><strong>mium</strong></span> <span class='ocrx_word' id='word_1_233' title='bbox 403 3734 597 3818; x_wconf 88' lang='lat' dir='ltr'><strong>pronuntiat,</strong></span> <span class='ocrx_word' id='word_1_234' title='bbox 620 3734 799 3816; x_wconf 87' lang='lat' dir='ltr'><strong>imputanda</strong></span> <span class='ocrx_word' id='word_1_235' title='bbox 819 3746 876 3798; x_wconf 83' lang='lat' dir='ltr'><strong>est.</strong></span> <span class='ocrx_word' id='word_1_236' title='bbox 917 3737 1028 3801; x_wconf 90' lang='lat' dir='ltr'><strong>Variae</strong></span> <span class='ocrx_word' id='word_1_237' title='bbox 1047 3751 1148 3804; x_wconf 86' lang='lat' dir='ltr'><strong>eutem</strong></span> <span class='ocrx_word' id='word_1_238' title='bbox 1166 3741 1265 3806; x_wconf 86' lang='lat' dir='ltr'><strong>lectior</strong></span> 
     </span>
    </p>
   </div>
   <div class='ocr_carea' id='block_1_5' title="bbox 281 3849 1262 4044">
    <p class='ocr_par' dir='ltr' id='par_1_7' title="bbox 281 3849 1262 4044">
     <span class='ocr_line' id='line_1_31' title="bbox 284 3849 1262 3939; baseline 0.008 -29"><span class='ocrx_word' id='word_1_239' title='bbox 284 3859 334 3910; x_wconf 87' lang='lat' dir='ltr'><strong>cet</strong></span> <span class='ocrx_word' id='word_1_240' title='bbox 353 3849 531 3931; x_wconf 87' lang='lat' dir='ltr'><strong>plerumque</strong></span> <span class='ocrx_word' id='word_1_241' title='bbox 551 3849 584 3908; x_wconf 91' lang='lat' dir='ltr'><strong>in</strong></span> <span class='ocrx_word' id='word_1_242' title='bbox 605 3849 937 3934; x_wconf 67' lang='lat' dir='ltr'><strong>minanaverssntur,</strong></span> <span class='ocrx_word' id='word_1_243' title='bbox 965 3864 1067 3917; x_wconf 88' lang='lat' dir='ltr'><strong>tamea</strong></span> <span class='ocrx_word' id='word_1_244' title='bbox 1086 3853 1197 3939; x_wconf 85' lang='lat' dir='ltr'><strong>abique</strong></span> <span class='ocrx_word' id='word_1_245' title='bbox 1215 3877 1262 3918; x_wconf 87' lang='lat' dir='ltr'><strong>eas</strong></span> 
     </span>
     <span class='ocr_line' id='line_1_32' title="bbox 281 3959 638 4044; baseline -0.006 -20"><span class='ocrx_word' id='word_1_246' title='bbox 281 3959 438 4044; x_wconf 84' lang='lat' dir='ltr'><strong>ponendas</strong></span> <span class='ocrx_word' id='word_1_247' title='bbox 461 3962 638 4024; x_wconf 82' lang='lat' dir='ltr'><strong>existimavi.</strong></span> 
     </span>
    </p>
   </div>
   <div class='ocr_carea' id='block_1_6' title="bbox 366 4077 1265 4166">
    <p class='ocr_par' dir='ltr' id='par_1_8' title="bbox 366 4077 1265 4166">
     <span class='ocr_line' id='line_1_33' title="bbox 366 4077 1265 4166; baseline 0.007 -26"><span class='ocrx_word' id='word_1_248' title='bbox 366 4077 422 4142; x_wconf 88' lang='lat'>111.</span> <span class='ocrx_word' id='word_1_249' title='bbox 465 4077 571 4142; x_wconf 78' lang='lat' dir='ltr'><strong>Codex</strong></span> <span class='ocrx_word' id='word_1_250' title='bbox 589 4077 791 4162; x_wconf 76' lang='lat' dir='ltr'><strong>Sangallensis</strong></span> <span class='ocrx_word' id='word_1_251' title='bbox 813 4081 1002 4166; x_wconf 80' lang='lat' dir='ltr'><strong>oppr&#39;clanus,</strong></span> <span class='ocrx_word' id='word_1_252' title='bbox 1022 4081 1150 4146; x_wconf 86' lang='lat' dir='ltr'><strong>collatus</strong></span> <span class='ocrx_word' id='word_1_253' title='bbox 1171 4083 1265 4148; x_wconf 89' lang='lat' dir='ltr'><strong>Orelli</strong></span> 
     </span>
    </p>
   </div>
   <div class='ocr_carea' id='block_1_7' title="bbox 0 0 1362 4688">
    <p class='ocr_par' dir='ltr' id='par_1_9' title="bbox 0 0 1362 4688">
     <span class='ocr_line' id='line_1_34' title="bbox 0 0 1362 4688; baseline 0 0"><span class='ocrx_word' id='word_1_254' title='bbox 0 0 1362 4688; x_wconf 95' lang='lat' dir='ltr'><strong> </strong></span> 
     </span>
    </p>
   </div>
  </div>
 </body>
</html>
