2762 4684
381 353 432 413 ott
448 353 600 412 uxctoto
619 351 760 412 uttotstt
775 351 961 412 uts‘rottls.
1176 353 1218 419 ll

116 549 274 607 meeum
296 537 472 602 consolatus
492 548 557 618 est,
591 548 624 602 et
643 557 715 602 eam
736 534 912 602 Almandro
937 535 1099 621 coniugem
1123 535 1219 606 dedit.

116 641 226 728 Qam
246 653 281 706 nt
302 642 425 729 aspexit
437 639 627 720 Cassandra,
652 642 816 706 vaticinari
835 641 954 728 coepit,
976 663 1154 708 memorans
1173 665 1220 725 ea,

117 769 200 838 quae
214 759 286 810 ante
301 743 517 833 praedixeratr
543 765 637 832 quam
648 743 790 810 Priamus
810 745 947 810 abstrahi
962 757 994 808 et
1014 744 1131 810 includi
1153 747 1221 811 ius-

117 851 173 920 sit.
220 851 433 932 Agamemnon
449 859 615 936 postquam
630 848 774 936 Spartam
784 851 881 928 venit,
906 851 1033 914 fratrem
1045 851 1222 916 consolatus

119 968 186 1023 esta
211 965 244 1020 et
256 953 379 1042 placuit,
404 964 439 1015 ut
450 973 506 1040 per
521 964 620 1016 totam
633 950 796 1018 Graeciam
810 954 1006 1040 conquesturi
1020 955 1223 1034 mitterentur,

120 1057 163 1126 ad
176 1055 395 1126 convocandos
408 1053 545 1121 Graecos
558 1067 589 1120 et
601 1055 746 1122 Troianis
759 1059 874 1120 bellum
889 1055 1100 1122 indicendum.
1139 1057 1225 1123 Gon-

120 1173 274 1231 renerunt
290 1173 394 1224 autem
406 1159 460 1224 hit
484 1161 618 1224 Achilles
637 1181 708 1224 cum
721 1159 872 1240 Patroclo,
896 1159 1058 1244 Euryalus,
1077 1161 1225 1249 Tlepole-

121 1289 206 1346 mus,
223 1263 407 1331 Diomedes.
456 1261 626 1351 Postquam
641 1263 784 1353 Spartam
798 1277 1000 1346 accesserunt,
1026 1262 1226 1330 decreverunt

121 1371 254 1436 iniurias
267 1368 475 1454 Troianorum
486 1367 639 1455 persequi,
655 1369 825 1432 exercitum
837 1379 869 1431 et
883 1370 1015 1432 classem
1030 1389 1227 1456 comparare:

122 1475 389 1556 Agamemnonem
405 1473 624 1559 imperatorem
637 1482 670 1534 et
686 1470 797 1534 ducem
807 1473 999 1560 'praelusione
1050 1473 1092 1536 Hi
1109 1473 1229 1554 legatos

122 1579 260 1657 mittunt,
276 1587 311 1639 ut
329 1587 394 1639 tota
407 1573 538 1640 Graecia
553 1577 738 1640 conveniant
750 1597 820 1638 omn
837 1576 984 1640 classibus
999 1586 1030 1638 et
1043 1577 1228 1640 exercitibus

124 1682 229 1747 ornati
248 1679 408 1767 paratique
426 1675 467 1740 ad
484 1679 718 1743 Atheniensium
737 1691 877 1766 portum,
903 1691 938 1742 ut
955 1677 1030 1742 inde
1052 1681 1168 1768 pariter
1187 1675 1230 1742 ad

124 1784 258 1850 Troiam
277 1783 525 1870 proficiscantur,
551 1781 592 1845 ad
615 1780 826 1846 defendendas
842 1801 914 1846 suas
927 1783 1069 1848 iniurias.
1120 1779 1233 1847 Castor

126 1899 161 1952 et
183 1885 295 1950 Pollux
315 1885 350 1948 iu
377 1887 508 1965 recenti,
542 1896 708 1972 postquam
730 1883 892 1948 audierunt
914 1885 1070 1948 Helenam
1090 1905 1232 1950 sororem

127 2009 219 2054 suam
234 2001 371 2076 raptam,
397 2009 495 2052 naves
518 1986 721 2052 ascenderunt
741 1999 772 2050 et
792 1989 889 2050 secuti
910 2001 990 2052 sunt.
1041 1987 1180 2075 Cumque
1197 1990 1232 2052 in

126 2095 231 2157 littore
247 2091 361 2154 Lesbio
380 2093 488 2154 navim
514 2093 685 2170 solverent,
707 2091 847 2153 maxima
868 2101 1053 2178 tempestate
1075 2104 1232 2181 correptos

128 2215 282 2281 nusquam
296 2195 506 2280 comparuisse
522 2191 638 2256 diuum
651 2205 715 2257 est:
733 2207 844 2282 postea
861 2193 1011 2260 creditum
1028 2206 1084 2274 est,
1100 2217 1156 2260 eos
1170 2197 1235 2258 im-

128 2300 277 2364 mortales
291 2299 399 2361 factos.
449 2295 558 2384 ltaque
571 2297 702 2360 Lesbios
716 2297 849 2360 navibus
867 2318 923 2362 eos
937 2319 1035 2384 usque
1049 2295 1090 2360 ad
1103 2297 1235 2362 Troiam

130 2383 306 2488 quaesitum
331 2400 412 2481 isse,
433 2421 535 2489 neque
558 2419 667 2464 eorum
688 2399 822 2482 vestigia
843 2421 976 2490 usquam
995 2401 1124 2466 iuventa
1146 2399 1234 2468 domi

129 2503 335 2572 renuntiasse.

582 2672 674 2740 Gar.
697 2672 775 2740 ΧΠ.

235 2809 336 2876 Dares
352 2807 515 2894 Phrygius,
534 2809 587 2896 qul
602 2811 683 2874 hanc
700 2807 864 2874 historiam
878 2809 1015 2897 scripsit,
1037 2809 1098 2891 alt,
1124 2831 1159 2875 se
1173 2809 1239 2874 mi-

132 2916 240 2980 litasse
256 2934 355 3000 usque
375 2913 450 2978 dum
465 2913 560 2978 Troia
576 2927 665 3002 capta
680 2925 738 2978 est.
788 2915 858 2977 Hos
876 2935 910 2978 se
926 2911 1054 2994 vidisse,
1074 2935 1170 3001 quum
1186 2917 1239 2978 in·

133 3017 245 3083 dociae
260 3029 375 3099 essent,
400 3017 514 3104 partim
531 3020 650 3105 proelio
671 3018 864 3082 interfuisse:
889 3015 1077 3081 aDardanis
1102 3016 1238 3098 audisse,

134 3143 198 3210 qua
217 3124 297 3185 facie
317 3133 348 3184 et
366 3133 476 3184 natura
490 3122 623 3185 fuissent
638 3121 749 3187 Castor
763 3131 794 3185 et
807 3119 929 3187 Pollux.
979 3119 1116 3184 Fuenmt
1135 3133 1241 3186 autem

134 3226 322 3290 alteralteri
342 3225 609 3312 similispcaplllo
631 3227 734 3306 llavo,
767 3225 864 3288 oculis
885 3225 1022 3306 magnis,
1048 3225 1128 3288 lacie
1151 3245 1240 3316 pura,

134 3331 217 3392 bene
235 3329 376 3410 figurati,
403 3349 530 3415 corpore
553 3326 695 3394 deducto.
745 3327 899 3393 Helenam
915 3331 1050 3393 similem
1069 3331 1149 3410 illis,
1174 3333 1243 3392 for-

136 3453 278 3512 mosam,
304 3433 409 3495 animo
426 3433 583 3520 simplici,
618 3430 781 3512 blandam,
807 3434 943 3497 cruribus
967 3433 1110 3520 optimis,
1133 3443 1243 3496 nomm

137 3537 220 3600 inter
238 3533 301 3598 duo
315 3535 476 3622 supercilia
491 3537 668 3615 habentem,
696 3555 749 3600 ore
764 3537 888 3624 pusillo.
936 3533 1110 3612 Priamum,
1136 3553 1244 3616 regem

138 3639 358 3718 Troianorum,
378 3639 464 3702 vultu
478 3641 592 3726 pulcro,
613 3659 780 3721 magnum,
805 3661 884 3706 voce
902 3639 1001 3718 suavi,
1022 3635 1158 3722 aquilino
1174 3657 1244 3701 cor-

138 3763 227 3829 pore.
276 3741 444 3807 Hectorem
460 3743 608 3822 blaesum,
634 3741 810 3822 candidum,
829 3744 973 3829 crispum,
1000 3742 1147 3820 strabum,
1172 3761 1245 3828 per·

141 3845 264 3910 uicibus
279 3847 439 3926 membris,
460 3847 548 3911 vultu
562 3849 742 3928 venerabili,
763 3845 933 3925 decentem,
959 3845 1149 3922 bellicosum,
1176 3843 1247 3908 ani-

140 3967 196 4012 mo
224 3969 390 4030 magnum,
417 3949 536 4014 civibus
559 3951 760 4030 clementem,
787 3947 931 4030 dignum,
957 3960 990 4012 et
1010 3947 1110 4030 amori
1129 3957 1248 4036 aptum.

143 4049 346 4139 Deiphobum
360 4065 392 4117 et
403 4053 560 4120 Helenum
574 4055 693 4119 similes
709 4053 807 4142 patri,
835 4051 1004 4117 dissimiles
1018 4061 1142 4116 natura:
1167 4050 1248 4116 Dei-

142 4155 282 4240 phobum
294 4159 426 4236 fortem3
444 4157 600 4222 Helenum
615 4159 807 4234 clementem,
827 4153 963 4235 dommo,
982 4167 1099 4222 vatem.
1150 4155 1248 4222 Troi-

142 4255 208 4324 lum
221 4279 380 4342 magnum,
404 4263 637 4348 pulcerrimum,
663 4271 836 4350 proaetate
849 4261 1023 4343 valentem,
1045 4263 1168 4343 fortem,
1193 4281 1249 4323 cu·

315 4553 355 4668 ἰ
