2698 4688
256 327 303 380 XL
683 321 931 374 mmobucrto.

321 515 406 582 'Lib
428 515 471 578 11.
493 534 545 576 no.
568 514 698 576 baiariae
723 514 785 573 circs
802 511 966 596 patientes.
1010 505 1096 570 Libri
1118 507 1191 586 ruci,
1210 507 1267 572 Me

254 621 334 689 Obr.
357 625 534 710 participes.
584 617 695 680 Melius
715 618 775 681 boc
796 618 909 681 iudicet
932 615 1139 700 Wopkeusius
1161 615 1267 684 Mtsc.

252 732 330 798 Nor.
350 731 422 799 vot
445 733 473 793 1.
499 731 537 798 T.
550 729 593 791 11.
616 749 649 812 p.
662 749 712 810 27.
733 749 826 811 quum
843 725 927 810 quod
950 727 982 788 in
1002 724 1063 788 Ed.
1079 725 1194 787 Ducer.
1216 725 1246 786 ei
1267 753 1268 778 r

252 854 319 905 tum
341 843 497 927 panemos.
546 835 608 901 Sed
627 841 775 924 pwentes
800 833 917 920 legerat
938 834 1029 896 etiem
1049 831 1215 910 barthius,
1250 851 1268 894 e

251 947 312 1014 Ed.
334 947 418 1007 Crat.
439 955 471 1007 et
490 945 523 1004 in
543 954 665 1006 vetusto
685 941 766 1006 eod.
789 941 867 1005 vidit
893 940 1035 1002 Heinsius
1048 937 1094 1002 'ud
1114 937 1252 1001 Pbucdr.

250 1055 355 1118 Recte.
382 1049 553 1137 Participes
571 1049 750 1112 scholiastae
773 1047 911 1115 debetur.
946 1047 1073 1112 Patiens
1103 1048 1198 1133 vulgo
1219 1049 1269 1110 dic

249 1163 304 1245 qui
324 1157 413 1224 focile
439 1158 500 1221 fert
527 1159 670 1222 iniurium
696 1157 756 1221 sibi
782 1157 822 1220 eb
848 1155 909 1219 elio
937 1155 1081 1236 iliatam
1112 1167 1220 1219 nostro
1249 1178 1270 1219 u

250 1267 339 1347 loco,
362 1270 414 1354 qui
436 1266 529 1330 simul
551 1269 654 1330 auimo
676 1287 732 1329 suo
755 1267 871 1350 petitur
889 1264 1034 1326 iniurium
1054 1263 1105 1327 ulii
1127 1264 1268 1346 illatam,

248 1373 392 1438 iniuriam
409 1374 462 1437 elii
481 1374 644 1438 admissum
661 1373 803 1458 participi
822 1373 881 1435 sert
896 1374 1009 1434 animo.
1054 1373 1123 1436 Hoc
1133 1395 1223 1438 seneu
1236 1375 1272 1437 Sc

248 1481 331 1550 Disl.
354 1483 412 1546 111.
438 1481 485 1546 18.
509 1484 556 1545 m·
570 1493 602 1546 et
633 1482 795 1566 Hegesipp.
824 1481 849 1544 1.
869 1479 920 1561 4ο.
950 1479 1098 1546 edbibeut
1124 1485 1272 1569 compotis

251 1589 303 1656 ef.
330 1591 492 1674 Hegeeipp.
517 1590 543 1652 1.
560 1591 616 1670 4².
635 1589 687 1670 44.
708 1591 748 1652 V.
767 1587 826 1670 183
851 1589 957 1658 isidor.
979 1590 1068 1674 Orig.
1090 1590 1142 1656 lib.
1160 1591 1204 1651 X.
1224 1590 1272 1654 toi

249 1697 295 1766 Η.
316 1717 347 1765 u.
378 1699 533 1784 compati5
571 1697 734 1782 Hegesipp.
764 1697 823 1759 111.
845 1719 875 1762 2.
904 1699 1080 1783 compassio.
1131 1699 1221 1776 Quae
1254 1719 1273 1761 v

248 1804 343 1866 etium
362 1802 430 1865 aliis
448 1803 595 1887 sequioris
619 1805 725 1866 astutis
741 1802 939 1887 scriptoribus
954 1805 1065 1865 usitate
1084 1823 1149 1864 esse
1163 1804 1273 1869 docet*

247 1913 311 1974 eius
338 1911 378 1974 dc
396 1912 461 1974 Vit.
480 1913 580 1979 Serus.
603 1911 712 1990 1v.'s„
736 1921 768 1972 ct
788 1920 857 1994 post
877 1929 950 1972 eum
982 1907 1123 1972 Vorstiue
1152 1911 1192 1976 sd
1221 1913 1245 1982 1.

245 2022 305 2108 pic.
347 2019 394 2084 Ut
418 2020 583 2084 ior-metum
602 2019 663 2083 boc
682 2031 728 2084 est
746 2022 916 2082 imitatione
938 2015 1274 2117 crustemium,

243 2128 383 2212 Septimii
397 2130 519 2215 patiens
542 2148 578 2190 ex
599 2127 716 2189 Graeco
734 2117 888 2206 πάσχων,
910 2124 994 2208 quod
1013 2124 1138 2208 simplex
1157 2129 1273 2210 passim

180 2241 183 2250 '
245 2247 304 2298 nat
319 2239 341 2304 i.
359 2259 391 2321 q.
414 2230 621 2318 συμπάσχων.
664 2235 753 2298 Nova
773 2233 849 2297 baec
872 2233 1051 2318 significatio
1072 2245 1136 2311 est,
1161 2253 1217 2294 nec
1239 2244 1275 2296 ta:

244 2343 315 2406 ideo
335 2342 484 2426 Septimio
505 2339 719 2404 abiudicundc.

330 2447 402 2509 Lib.
427 2449 469 2518 V.
494 2467 542 2511 ru.
573 2447 619 2509 od
635 2469 723 2509 aram
743 2449 830 2512 Iocis
855 2449 1115 2540 ameaedrficialis.
1157 2451 1276 2517 Rerum

244 2553 426 2641 redemite,
448 2555 521 2617 ive.
541 2565 612 2616 ante
633 2553 824 2633 aedificium,
855 2557 1023 2640 explicante
1045 2561 1200 2640 Mercero,
1225 2565 1276 2644 qui

244 2661 304 2724 boc
324 2662 464 2740 lectione,
487 2665 519 2724 in
540 2667 603 2726 suis
622 2681 745 2746 quoque
761 2659 848 2725 libris
862 2666 997 2741 inventa,
1020 2669 1185 2750 acquievit.
1225 2669 1276 2729 Mis

244 2771 327 2834 istud
347 2793 460 2835 nomeu
480 2771 598 2834 dudum
619 2773 747 2858 explosit
766 2774 925 2858 Scioppius
947 2774 1059 2837 Pured.
1085 2775 1146 2842 Lit.
1168 2777 1267 2857 Epist.

244 2881 299 2964 qui
331 2879 455 2964 quidem
484 2880 560 2945 ulios
581 2881 670 2944 MSS.
701 2881 775 2946 dicit
794 2893 874 2944 recte
894 2881 1008 2945 hebere
1028 2882 1113 2946 Iouis
1133 2883 1205 2946 aedi
1248 2885 1275 2944 'a

243 3001 280 3052 ut
304 2989 371 3072 lego
400 2993 432 3052 iu
460 2991 520 3052 Ed.
540 2991 643 3064 Crat..
665 2990 696 3051 iu
718 2991 862 3053 Schelleri
884 2993 957 3052 Lex.
982 2993 1026 3056 Μ.
1050 3003 1081 3054 et
1097 2991 1180 3074 opud
1198 2991 1276 3052 Dres

243 3096 284 3158 ed
304 3097 423 3180 loseph.
445 3098 544 3164 lscun.
564 3098 621 3161 Vi.
641 3099 714 3181 587.
754 3099 814 3160 Sed
837 3099 966 3182 Argent.
990 3110 1021 3162 et
1040 3100 1070 3166 S.
1087 3099 1167 3168 Geli,
1191 3121 1262 3182 opp.

242 3205 482 3291 teaedfficr'ales,
504 3203 564 3266 ieri
586 3203 698 3292 menda
718 3225 775 3286 pro
795 3207 1056 3292 arueaedficile
1076 3218 1112 3268 ut
1132 3206 1241 3268 diserte
1257 3229 1276 3268 o

243 3333 314 3376 snus
333 3313 369 3376 S.
390 3311 472 3375 Geli.
496 3333 557 3376 sce.
579 3311 633 3378 IX.
654 3322 686 3373 et
707 3311 769 3376 Ed.
796 3313 903 3376 Prion.
929 3315 1081 3383 exhibent.
1122 3314 1227 3398 Atque
1245 3314 1276 3377 bc

242 3437 334 3481 nemo
358 3417 521 3494 dubitabit,
545 3419 683 3502 Septimii
703 3439 829 3481 manum
849 3421 943 3483 fuisse
961 3419 1226 3505 ameaedrficiaiis‚
1249 3445 1276 3506 p«

243 3523 440 3607 quambene
460 3545 568 3586 vocem
587 3527 681 3588 etium
700 3547 736 3588 ex
753 3525 814 3588 Ed.
838 3525 965 3588 Mediol.
986 3526 1185 3604 Obrecbtus,
1205 3531 1268 3596 MS.

244 3633 428 3694 auctoritate
451 3633 594 3696 Heinsius
615 3633 656 3698 ed
685 3633 781 3697 Ouid.
806 3633 880 3698 Her.
915 3636 986 3704 Vll.
1013 3639 1099 3710 113„
1138 3648 1169 3698 et
1194 3650 1261 3720 post

240 3737 416 3824 Wopkens.
449 3763 480 3824 p.
502 3743 554 3828 93.
584 3755 617 3806 et
643 3743 787 3805 Perizon.
812 3743 896 3806 Dies.
919 3752 948 3822 ς.
970 3744 1276 3827 xxxv111.pr0bn

241 3865 279 3908 uc
306 3847 478 3910 firmarunt.
527 3851 652 3912 Fictum
674 3871 790 3912 novum
811 3849 1007 3912 Adiectivum
1026 3851 1149 3914 videtur
1168 3875 1202 3918 ex
1221 3855 1276 3915 Gru

241 3951 321 4028 Διὸς
353 3953 519 4041 Ἑρκείου,
557 3961 577 4027 i.
600 3983 628 4024 c.
666 3959 726 4023 scii
764 3953 844 4022 eusci
872 3955 929 4043 rie
960 3960 1073 4024 obrue.
1116 3959 1188 4025 Vid.
1220 3983 1276 4044 prs«

247 4060 398 4131 Obrecht.
419 4075 450 4125 et
477 4065 581 4127 Heius.
601 4068 694 4130 etium
716 4067 815 4150 Heyu.
837 4067 876 4130 sd
897 4067 1007 4152 Vir-gil.
1030 4071 1110 4132 Aen.
1126 4069 1168 4132 ΙΙ.
1187 4069 1276 4132 Exn}

326 4167 396 4236 Lib.
418 4169 448 4236 l·
469 4169 501 4252 4.
521 4193 613 4236 cram
639 4203 680 4226 -ι
699 4176 781 4238 omrai
803 4145 994 4238 iistmmeuto
1013 4177 1205 4261 compositass
1241 4179 1276 4240 Vi
