2860 4688
424 393 518 460 emet
543 399 688 451 motem
717 401 782 451 ttn.
807 403 840 450 v.
1125 383 1195 456 tte
1237 399 1242 406 '

101 595 236 672 saltem
254 596 454 694 providete.
497 595 609 672 Auro
626 611 737 697 atque
754 595 843 670 aliis
862 593 1077 670 huiusmodi
1087 619 1197 696 prae·

108 717 200 788 miis
224 712 443 789 redimenda
463 717 590 815 patria
610 727 674 787 est.
724 711 867 788 Multae
891 718 931 788 in
956 716 1028 788 bac
1051 719 1197 790 civitate

104 829 208 906 dites
241 829 394 922 domun
429 831 573 932 singuli
600 855 673 932 pro
693 827 948 928 facultatibus
974 835 1013 905 in
1036 831 1197 908 medium
1283 858 1293 874 ¹

103 945 349 1022 consulamus.
398 947 591 1023 Postremo
616 945 804 1050 offeratur
820 969 892 1047 pro
910 950 994 1022 vita
1018 947 1196 1034 hostibus,

103 1062 211 1167 quod
246 1089 339 1138 mom
380 1067 532 1141 interitu
571 1079 699 1138 nostro
733 1068 897 1166 ipsorum
917 1065 1099 1163 futurum
1131 1083 1196 1140 est.

111 1177 348 1278 Templorum
372 1171 502 1268 etibm,
525 1182 563 1254 si
585 1203 731 1254 necesse
756 1183 844 1272 erit,
879 1168 1105 1256 ornamentis
1125 1205 1198 1281 pro

106 1295 362 1370 incolumitate
383 1300 532 1396 patriae
554 1294 729 1370 utendum
753 1311 817 1370 est.
867 1293 975 1372 Solus
998 1321 1086 1372 suas
1109 1321 1198 1398 opes

104 1413 210 1486 intus
233 1408 421 1486 custodiat
442 1411 628 1502 Priamus,
647 1411 750 1487 solus
774 1409 934 1497 dirutas,
956 1416 1122 1513 potiores
1146 1415 1198 1486 ci-

101 1523 211 1602 ribus
241 1531 339 1614 suis,
372 1543 510 1603 teneat:
544 1528 606 1602 bis
638 1531 766 1612 etiam,
802 1553 898 1630 quoe
936 1551 1018 1602 cum
1053 1528 1198 1604 Helena

106 1659 220 1742 rapta
238 1658 335 1728 sunt,
361 1641 517 1736 incubet,
541 1641 752 1746 videatque,
773 1665 878 1746 quem
896 1643 948 1718 od
961 1645 1080 1746 finon
1097 1660 1198 1719 uten-

103 1757 196 1834 dum
225 1773 330 1858 putet
359 1762 508 1859 patriae
538 1757 819 1837 calamitatibus.
877 1761 964 1837 Nos
995 1763 1092 1836 victi
1122 1764 1197 1836 iaris

105 1899 239 1950 sumus
264 1875 372 1952 maiis
397 1879 545 1952 nostris.

204 1996 273 2068 111.
322 1995 426 2068 Haeo
450 2013 567 2097 etque
591 1993 667 2070 alie
693 2019 784 2070 cum
804 1993 973 2072 lacrimis
988 1993 1195 2074 disserente

100 2133 167 2198 eo,
208 2110 340 2186 cuncti
370 2111 486 2186 simul
524 2111 708 2216 gemitum
745 2109 888 2188 edunt:
914 2111 1112 2190 tendentes
1143 2111 1194 2188 ad

102 2225 256 2304 coelum
282 2253 438 2312 manus,
464 2253 657 2324 annuere3
685 2246 742 2306 tot
765 2227 929 2306 adversis
954 2231 1068 2307 rebus
1090 2231 1197 2306 Prin·

75 2324 219 2420 'mum
241 2343 385 2446 singuli
412 2345 471 2418 rel
501 2345 605 2420 inter
638 2369 677 2420 se
709 2371 841 2422 omnes
876 2347 993 2422 linem
1028 2347 1197 2422 miseria·

106 2485 202 2534 rum
232 2457 489 2564 deprecantes.
539 2459 600 2536 Ad
624 2479 861 2566 postremum
885 2489 966 2540 uno
992 2489 1058 2540 ore
1078 2466 1196 2564 patri·

101 2597 170 2646 am
200 2573 449 2650 redimendam
473 2575 651 2652 clamant.
701 2581 749 2654 In
775 2577 863 2682 quie
885 2579 1062 2654 Priamus
1090 2577 1194 2652 dila-

109 2688 232 2766 niens
263 2711 379 2797 ceput
409 2692 506 2769 fletu
538 2719 658 2796 quam
692 2693 922 2784 miserabili,
955 2695 1048 2769 Non
1077 2693 1197 2768 solum

101 2809 183 2881 iam
214 2829 257 2882 sc
288 2807 377 2884 odio
409 2809 503 2894 diis,
543 2834 677 2886 oerum
713 2813 794 2888 suis
826 2811 969 2888 bostem
1002 2809 1193 2917 effectum:

99 3025 377 3044 ..m

176 3161 259 3219 repta
277 3155 356 3210 sunt)
392 3149 418 3202 S.
438 3149 510 3204 Gell.
536 3165 617 3218 opp„
641 3149 693 3204 Ed.
719 3150 804 3202 Prinn
831 3156 860 3202 et
883 3149 959 3206 Cret.
984 3163 1091 3222 reptem
1121 3151 1196 3224 quod

102 3214 168 3288 qni·
187 3222 307 3272 correxit
325 3218 361 3270 ob
375 3220 537 3273 antecedens
557 3219 681 3274 diuitiae.
717 3221 788 3272 Vide
805 3219 943 3289 disputate
962 3219 996 3274 de
1009 3223 1131 3290 enallage
1149 3239 1195 3292 ge-

103 3289 180 3340 neris
200 3289 230 3342 in
249 3289 341 3344 Glost·
361 3293 396 3345 etl
418 3291 466 3343 tib.
486 3291 523 3345 ll.
543 3293 585 3343 ad·
622 3293 686 3343 llos
710 3291 781 3344 crae
818 3293 882 3364 lpse
900 3289 1010 3345 viderit.
1046 3291 1086 3344 Ed
1107 3293 1194 3346 Princ.

103 3359 266 3428 inpetriri
286 3361 479 3418 relambens
506 3363 720 3430 interpretati03
747 3378 840 3414 sensus
867 3363 941 3416 enim
966 3369 1024 3417 cst:
1056 3363 1079 3415 ti
1105 3363 1196 3434 patrie

102 3429 211 3480 ruinam
232 3433 352 3484 traxerit.
671 3460 674 3472 ·
1083 3452 1086 3464 ·

175 3501 226 3552 lll.
262 3501 339 3558 tend.
358 3498 398 3553 ad
414 3503 517 3554 coelum
540 3517 657 3564 manus,
686 3519 811 3556 annitere
820 3525 831 3570 ;
859 3515 900 3556 tot
923 3501 1003 3564 odo.)
1038 3503 1080 3554 litt
1105 3504 1194 3557 locum

103 3570 229 3622 nstituit
246 3585 280 3624 ex
301 3573 348 3626 lid.
369 3571 442 3623 Med.
461 3571 631 3634 Obrechtos,
649 3572 692 3624 eut
715 3575 894 3644 suffragentur
911 3575 937 3626 S.
953 3573 1016 3626 Gall
1044 3589 1096 3625 tec.
1116 3575 1150 3626 tx
1166 3583 1196 3629 et

100 3631 156 3696 et.
175 3641 250 3692 Cret.
286 3641 318 3692 ln
336 3650 399 3694 cett.
417 3643 539 3696 abnuere
558 3654 599 3696 tot
616 3640 684 3703 adv,
731 3642 786 3696 uod
805 3654 833 3698 et
846 3645 933 3696 Wese.
953 3643 989 3696 ed
1007 3643 1071 3697 Seli.
1085 3644 1192 3715 lumi.

104 3709 238 3772 exhibet,
258 3719 287 3764 et
303 3711 452 3765 defendere
471 3712 570 3764 nititur
591 3715 719 3768 Annei)
742 3713 835 3768 reohto
858 3714 1026 3777 subscribit,
1058 3717 1193 3785 explieat·

100 3795 160 3850 qee
181 3781 272 3834 locum
293 3781 443 3852 Wopkens.
460 3797 485 3849 p.
508 3783 551 3837 85.
1049 3790 1054 3799 “

175 3853 332 3906 monsolutn
351 3856 407 3907 iam
424 3851 528 3906 reodio
548 3853 618 3915 diis,
635 3871 725 3909 verum
743 3859 800 3910 tuis
813 3855 918 3908 boetem
929 3851 986 3924 eff)
1021 3852 1095 3906 lleee
1109 3854 1192 3908 lectio

101 3927 147 3972 eei
168 3921 195 3974 8.
218 3923 290 3975 Gall.
308 3941 370 3993 opp.
384 3961 392 3987 ‚
405 3925 491 3979 llern.
510 3921 552 3994 (ln
572 3924 614 3974 bis
633 3932 724 3976 temen
742 3925 812 3996 elis),
829 3925 878 3976 Ed.
897 3925 969 3976 Cret.
991 3929 1020 3974 el
1033 3923 1125 3988 lderc,
1146 3941 1193 3998 ee·

103 3991 167 4042 den
191 4007 225 4043 ne
243 4009 272 4046 re
290 3990 449 4048 maniieitrt
467 3995 495 4044 in
514 3995 539 4044 S.
559 3995 628 4046 Gall.
647 4013 699 4048 eec.
721 3995 765 4050 tx.
784 4001 839 4050 iam
858 4011 886 4047 se
907 3995 950 4046 eit
965 3991 1106 4046 diversum
1127 3997 1191 4047 suis.

101 4061 154 4112 tte.
170 4010 262 4122 letne.
281 4067 338 4118 iam
355 4084 384 4119 ee
401 4063 468 4118 odio
489 4060 629 4120 diuersum
656 4067 721 4124 suis.
767 4065 934 4117 Derelintum
959 4081 989 4115 se
1015 4066 1193 4135 conqueritur

100 4129 227 4184 Priamus
246 4141 276 4186 et
295 4135 382 4188 ediis
402 4143 432 4188 et
449 4135 482 4186 nb
501 4137 603 4190 etnicis.
640 4139 748 4204 Argent.
767 4135 900 4188 Obrecbti
923 4135 1025 4188 inmte
1044 4135 1086 4188 ait
1103 4133 1191 4187 bosti-

101 4203 157 4256 tm
172 4201 259 4269 odio,
278 4223 376 4260 uerum
394 4207 458 4260 suis.
476 4215 507 4262 ut
526 4206 614 4258 edidit
629 4207 791 4276 Artopoeus,
810 4207 939 4258 deserens
955 4204 1002 4257 bic
1015 4204 1192 4268 Obrechtum,

22 4297 28 4310 .
102 4275 157 4346 qui
176 4289 211 4329 ex
230 4275 281 4334 Ed.
294 4277 413 4332 Medici.
436 4277 492 4344 legi
514 4277 713 4332 tuitionibus
739 4275 862 4334 odiorum
875 4313 883 4342 ,
898 4291 1045 4350 ‚quemque
1068 4276 1193 4350 sequitur
