2726 4686
515 1169 1090 1320 onorocns

746 1507 841 1520 *-

247 1743 411 1877 Dictys,
444 1769 633 1848 Cretensis
657 1795 815 1874 genere,
849 1771 979 1848 Gnoso
1007 1769 1180 1864 civitate,
1206 1773 1290 1850 iisd<

234 1886 505 1994 temporibus,
531 1886 675 1988 quibus
699 1905 738 1966 et
759 1885 923 1978 Atridae,
948 1885 1045 1979 fuit,
1072 1889 1219 1994 peritus
1243 1917 1290 1966 vo

245 2005 530 2083 ac-iitterorum
540 2001 783 2093 Phoenicum,
795 2029 884 2106 quae
901 2029 923 2076 o
944 2001 1088 2080 Cadmo
1101 2003 1143 2079 in
1159 2003 1290 2081 Achai:

156 2159 162 2172 ·
245 2120 405 2199 inerant
428 2115 576 2194 delatae.
633 2118 710 2195 Hic
742 2119 820 2194 fuit
844 2118 967 2196 socius
992 2117 1207 2212 Idomenei,
1240 2123 1290 2196 De

246 2235 410 2314 calionis
435 2233 519 2326 filii,
544 2252 585 2311 et
607 2235 794 2312 Merionis
815 2261 862 2311 cx
879 2235 995 2327 Molo,
1017 2237 1088 2340 qui
1113 2236 1227 2312 duces
1253 2263 1290 2312 cr

245 2351 418 2428 exercitu
438 2368 573 2427 contra
596 2351 715 2428 llium
741 2370 927 2431 venerant
935 2385 946 2447 3
972 2381 995 2428 a
1019 2351 1290 2461 quibusordir

248 2485 312 2546 tus
336 2485 411 2554 est.
436 2486 484 2545 ut
506 2469 666 2545 annales
685 2467 779 2544 helii
799 2466 959 2544 Troiani
975 2467 1243 2546 conscriberet.
1273 2469 1290 2544 1

246 2601 315 2690 tur
339 2581 389 2662 do
414 2601 495 2662 toto
520 2584 624 2664 bello
650 2611 789 2664 novem
811 2585 1010 2664 volumina
1037 2585 1081 2662 in
1107 2584 1208 2662 tiiias
1225 2583 1290 2688 dig

255 2753 543 2772 m
561 2771 565 2776 Ι

314 2843 462 2915 Prologus)
480 2843 607 2896 Diximus
627 2840 661 2894 de
680 2837 731 2894 bec
744 2839 924 2910 inscriptione
942 2839 971 2894 in
983 2835 1097 2893 Prueiut.
1116 2839 1213 2908 p.x1i.
1251 2839 1284 2891 in

244 2911 321 2971 Cret.
339 2913 503 2967 inscribitur
521 2914 586 2967 Vrsa
601 2913 702 2982 Dictys
720 2911 859 2968 Cretensis
874 2929 926 2982 per·
941 2913 1100 2982 Septimium
1112 2911 1274 2964 Remurium.

244 2983 299 3036 boc
326 2981 460 3046 debetur,
486 2985 509 3034 is
534 3000 563 3037 ee
584 2984 676 3036 uentis
700 2983 868 3038 narrationis
894 2983 1057 3053 Septimium
1083 2980 1170 3034 babet
1194 2988 1290 3033 auctor

244 3053 345 3120 Dictyn
375 3054 535 3123 scripsisse,
563 2999 728 3124 deptimiuns
750 3053 838 3108 lutino
860 3055 990 3118 vertisse,
1009 3052 1039 3106 in
1059 3051 1177 3111 Prseiat.
1195 3051 1290 3122 proba:

243 3121 311 3178 «tare
328 3125 422 3176 enirm
440 3139 509 3175 sum.

316 3194 456 3248 Cretensis
475 3193 588 3314 gessere?
608 3191 656 3245 Ed.
675 3191 761 3245 idere.
778 3207 880 3263 gessere
901 3191 974 3252 Cret,
993 3192 1074 3246 Rern.
1091 3209 1144 3246 om.
1157 3207 1278 3317 genere.

315 3266 409 3319 Gnoso
426 3265 552 3334 civitate)
588 3267 615 3313 tu
636 3263 662 3316 S.
682 3261 757 3320 Gaii.
776 3273 908 3334 uterque,
932 3265 982 3318 Ed.
999 3264 1086 3318 Prisc.
1110 3271 1140 3318 et
1182 3271 1234 3316 rst.
1253 3263 1290 3316 bi

243 3331 297 3390 Gu-
314 3337 366 3388 eiu
390 3341 420 3387 et
442 3331 477 3388 de
498 3337 549 3388 εἰν.
570 3333 623 3390 Gn.
640 3333 779 3393 Coniicies
799 3335 919 3388 Gnosius
938 3336 989 3390 civ.

312 3403 441 3476 Atrides)
462 3407 560 3465 cern..
587 3403 637 3458 Ed.
663 3403 736 3457 Crat
755 3411 784 3459 et
801 3403 883 3458 Mero.
903 3403 1022 3459 Atrides.
1060 3401 1189 3471 syntaxis
1207 3403 1266 3454 ioci

241 3475 339 3544 Dictys
365 3475 465 3528 iisdem
490 3475 666 3544 tenporibus
688 3475 762 3542 tuit,
778 3476 881 3546 quibus
900 3483 929 3528 et
948 3475 1061 3529 Atridae
1080 3475 1203 3527 fuerunt.
1244 3475 1290 3530 Fu,

242 3561 269 3600 e.
287 3545 371 3614 visits
390 3545 426 3598 de
449 3558 505 3616 qus
523 3545 639 3598 notione
659 3545 752 3600 iieins.
772 3548 807 3602 sd
825 3546 906 3607 Orid.
924 3547 989 3601 Her.
1007 3545 1088 3599 xvn.
1110 3559 1170 3616 ¹9²·

310 3616 482 3688 litterarum)
501 3615 578 3670 Libri
595 3617 706 3675 litteris.

313 3687 347 3740 s‘ss
365 3685 513 3758 Achaiam)
534 3687 554 3744 i.
571 3703 599 3758 q.
617 3687 772 3743 Graeciam.
798 3687 885 3757 Epist
906 3701 979 3760 quse
994 3714 1031 3728 —-
1046 3701 1098 3758 pes·
1116 3685 1290 3756 Graeciam*

241 3755 461 3832 pmrssdensur.
487 3773 513 3810 v.
540 3757 615 3830 Lipu
633 3757 670 3810 sd
688 3758 777 3813 'iacit
802 3759 874 3812 Aen.
894 3759 914 3810 1.
933 3760 975 3826 76.
995 3783 1027 3800 -
1050 3758 1121 3810 iios.
1140 3755 1167 3806 S.
1188 3755 1263 3808 Gali
1285 3773 1290 3806 ι

240 3827 466 3954 animm
484 3889 545 4024 mii
554 3900 574 3951 i.
592 3913 617 3956 e.
634 3899 798 3960 destinatus,
817 3899 994 3957 constitutus,
1013 3894 1126 3948 electus.
1146 3893 1290 3946 Posterior

243 3970 351 4025 tintus.
374 3969 473 4024 lustin.
498 3971 520 4022 x
548 3971 581 4022 ii.
602 3987 626 4025 re
639 3971 737 4046 filius,
754 3987 834 4042 quem
859 3971 891 4020 iss
907 3969 1108 4022 successionem
1126 3967 1211 4030 regni
1230 3965 1290 4016 oret

242 4051 330 4094 verat·
367 4039 472 4104 Scipio.
493 4039 526 4092 ii.
552 4039 581 4097 S.
608 4043 619 4092 1
647 4045 689 4095 50.
709 4059 734 4096 s.
758 4036 923 4094 Sacerdotes
942 4035 1090 4120 onsneeod
1106 4036 1284 4088 celebranda

243 4105 1290 4254 tif‘tttitt,ittttttt⁶rftttttttttitttit‘t'ittii

264 4266 268 4276 ⁴
311 4249 346 4310 de
364 4261 423 4308 sose
441 4251 526 4324 teto)
544 4254 583 4309 iis
602 4255 628 4307 S.
647 4253 720 4308 Gali.
739 4269 784 4308 sec
802 4253 847 4313 tit.
865 4259 892 4304 ct
910 4251 957 4305 Ed.
977 4251 1066 4305 Priuc.
1083 4247 1173 4302 delevi
1193 4249 1290 4320 iroc,q
