2726 4686
66 541 69 698 l

301 356 384 408 xcvt
580 393 582 398 -
676 311 679 320 ¹
766 354 940 412 PleONll

272 547 282 562 ”
383 545 466 610 XLI.
506 543 566 606 Sed
586 543 690 607 desino
710 544 810 628 plura,
829 567 925 629 quum
940 545 1101 631 pleraeque
1122 545 1228 610 breves
1246 546 1300 610 illa

298 646 383 708 tulne
403 643 580 727 vindingii,
614 666 692 728 quae
724 639 843 708 tantum
876 646 934 730 legi
964 647 1051 709 aliter
1081 657 1135 708 aut
1156 647 1220 710 tolli
1242 671 1298 710 voc

296 746 454 832 quandam
474 745 603 825 iubent,
632 745 716 808 nulla
745 746 883 808 nitantur
901 745 1010 808 idonea
1030 749 1101 810 satis
1124 749 1261 824 maone,
1294 770 1300 808 ε

297 850 391 910 etiam
415 845 589 920 declarent,
622 865 683 906 non
703 843 779 908 satis'
791 844 968 908 intellexisse
988 867 1056 908 eum
1077 847 1208 908 auctoris
1231 849 1300 906 suit

295 959 368 1024 tem,
389 945 491 1007 verbis
511 943 587 1006 nibil
607 946 674 1006 vitii
695 945 875 1007 habentibus
907 965 1082 1029 expressam.
1123 945 1175 1008 Sic
1194 946 1236 1013 11.
1260 966 1297 1006 aa

298 1067 353 1106 uos
375 1045 435 1106 soli
452 1047 612 1125 iprromtir,
638 1057 673 1106 at
691 1044 820 1128 affectae
841 1047 900 1122 sciet
919 1049 1038 1108 visurae
1056 1057 1143 1130 atqtte
1165 1047 1300 1108 arnicas·

294 1147 443 1220 ciuitates,
478 1145 529 1204 vel
548 1167 624 1227 quae
642 1146 676 1206 in
697 1145 761 1206 dies
781 1145 905 1206 residuis
922 1151 1162 1229 praepotentia?
1205 1145 1298 1206 Sensu

294 1243 487 1306 clarisnmus.
530 1243 674 1305 Nondum
703 1245 910 1306 enimomnes
932 1257 1019 1307 erant
1051 1256 1204 1322 vastatae,
1234 1268 1300 1327 quat

295 1355 382 1404 eram
399 1343 548 1420 maroam,
562 1341 620 1404 'sed
640 1343 750 1426 quibua
773 1343 876 1405 eadem
897 1345 1024 1406 vastatio
1043 1346 1229 1408 imminebat.
1262 1344 1300 1408 lll

295 1463 365 1504 men
386 1442 546 1524 legendum
570 1453 670 1504 censet
693 1442 833 1510 residuos.

377 1543 420 1604 ll.
444 1543 496 1625 59.
538 1541 623 1604 Dein
664 1545 747 1624 signo
778 1543 850 1604 dato
879 1541 1042 1630 conspicere
1078 1545 1159 1606 acies
1190 1564 1300 1629 compos

295 1641 423 1703 Graecis
441 1662 481 1704 oc
499 1640 624 1723 singulis
639 1664 698 1726 per
715 1642 971 1720 distributionem,
1006 1646 1140 1729 imperia
1166 1645 1300 1706 dinume

293 1741 455 1825 pambus.
496 1741 543 1802 lta
560 1741 635 1803 haec
655 1741 889 1824 distinguenda,
921 1753 951 1804 et
978 1745 1021 1806 ita
1040 1744 1117 1806 nibil
1137 1743 1188 1806 bie
1207 1743 1300 1806 haesit

293 1843 341 1903 nis
359 1851 506 1923 superest.
546 1839 603 1902 llle
624 1851 725 1903 tamen
749 1841 806 1923 legi
828 1840 895 1904 vult
918 1843 1109 1906 Graecomm
1128 1844 1258 1926 sapen.

375 1941 431 2001 tv.
454 1940 480 2008 1.
522 1940 613 2026 Quen
635 1943 736 2002 ωιίηιο
756 1943 802 2002 fta
824 1941 987 2019 haeserat„
1010 1943 1095 2004 meua
1116 1963 1167 2026 spe
1198 1957 1300 2025 torpeo

293 2037 464 2117 ωᾰανεηζε,
483 2042 637 2124 paremque
655 2039 823 2110 Priamum,
845 2052 877 2100 et
893 2043 946 2126 qui
965 2061 1031 2104 cum
1060 2061 1095 2102 eo
1109 2043 1252 2121 flebscut,
1271 2063 1300 2102 re

293 2161 315 2201 a
336 2137 472 2200 Graecis.
514 2136 570 2198 llle
590 2157 674 2217 veru,
696 2137 771 2221 lege,
793 2141 846 2215 ait,
871 2141 960 2224 Queri
979 2140 1080 2204 attinio
1102 2141 1267 2202 inhaeserat
1298 2163 1300 2202 a

291 2259 359 2323 spes
379 2239 497 2322 impetn
519 2247 577 2304 cet.
608 2239 705 2300 lmmo
725 2241 796 2321 quia
819 2238 904 2300 nulla
924 2240 995 2320 ipsis
1019 2250 1084 2301 erat
1110 2261 1178 2321 spes
1200 2243 1300 2322 impeti

290 2336 463 2416 cadaveris,
497 2335 566 2398 ideo
593 2337 695 2400 aniam
715 2357 820 2400 eorum
847 2337 1000 2416 haeserat,
1033 2337 1189 2400 Priamum
1220 2339 1299 2401 retin

293 2437 428 2500 Graecis.
468 2435 547 2497 Nam
574 2437 657 2518 quod
689 2439 732 2499 ait
755 2440 905 2520 geminata
923 2436 1050 2520 copule,
1085 2440 1238 2524 ipsumque
1271 2451 1299 2499 et

291 2557 360 2602 caan
381 2537 569 2614 cessassent,
593 2539 775 2620 graecismus
796 2549 841 2600 est
860 2541 976 2600 auctori
996 2548 1103 2600 nostro
1122 2538 1273 2620 frequens.

200 2713 203 2720 ,
292 2637 507 2720 capuam.

374 2737 427 2800 lV.
458 2735 511 2816 afr
547 2739 648 2822 Quam
671 2737 932 2800 tartaronum
956 2738 1136 2821 perfirqerit,
1164 2747 1298 2820 quantun

291 2838 326 2899 in
345 2839 505 2899 commane
525 2837 652 2900 attderet
667 2837 798 2921 quadem.
838 2833 917 2896 Vult
930 2835 1043 2910 dicere,
1067 2838 1097 2896 in
1113 2838 1298 2916 certamincp

292 2933 327 2998 lii
348 2936 428 3018 adigi
448 2937 585 2998 homines
605 2937 643 2998 ad
662 2935 879 3020 aggrediendas
903 2935 1023 3012 hostes,
1053 2945 1084 2996 et
1110 2945 1209 2994 minen
1239 2934 1298 2994 Par

292 3035 324 3095 in
346 3032 399 3094 illo
410 3036 573 3096 certamine
592 3034 676 3098 haud
695 3035 787 3096 dubie
806 3037 974 3096 vitaturum
1003 3033 1095 3096 fuisse
1120 3030 1292 3108 Achillem,

293 3155 439 3198 autumna
459 3155 529 3196 eum
549 3135 692 3217 aggredi,
727 3133 809 3218 quod
836 3154 889 3216 per
917 3133 1041 3196 insidias
1069 3142 1153 3196 extra
1174 3131 1298 3192 necessit

291 3236 463 3298 mininis
491 3231 616 3295 feliciter
651 3234 764 3295 feccrit.
805 3231 921 3314 Frigidi
946 3230 1061 3314 aliquid
1096 3241 1129 3291 et
1158 3231 1297 3311 ineptis«

292 3338 371 3400 inest
392 3335 423 3396 in
445 3333 503 3396 boc
527 3353 636 3413 sensu3
665 3331 717 3394 aed
749 3330 780 3394 id
809 3333 840 3391 in
861 3342 924 3391 tota
944 3330 1037 3392 ctiam
1059 3340 1104 3390 est
1125 3325 1297 3390 laudatione

292 3443 386 3518 ridie,
422 3461 514 3525 φιεηι
543 3459 580 3500 eo
599 3435 724 3497 nomine
745 3431 847 3494 fecisse
870 3431 1014 3492 dicuntur
1034 3430 1183 3496 Troiani:
1216 3439 1247 3488 et
1283 3449 1297 3488 n

293 3546 388 3627 naga
407 3543 508 3626 friget,
529 3559 584 3600 uec
605 3536 747 3598 Latinum
770 3532 840 3594 satis
860 3541 918 3610 est,
939 3529 1021 3614 quod
1039 3529 1161 3592 volebat
1182 3527 1297 3590 Vindia

293 3657 437 3730 qrmnnem
460 3661 497 3702 ae
516 3639 549 3700 in
571 3648 643 3702 cert.
664 3633 784 3696 amem
808 3631 947 3715 quidam.

376 3745 450 3826 Gap.
474 3739 522 3804 ¹5.
567 3733 830 3799 oecumenico
851 3733 991 3794 ferebam
1026 3729 1160 3792 dolorem
1191 3749 1274 3804 esse,

294 3865 355 3908 mn
377 3845 411 3905 in
430 3839 604 3914 ceronnam,
627 3855 719 3918 neqzoe
737 3835 771 3894 ia
788 3832 852 3892 bace
872 3831 965 3909 baffi,
985 3830 1118 3893 Achilles
1139 3825 1296 3911 intersecat

295 3959 348 4024 set,
366 3963 425 4031 quo
431 3943 591 4024 fortiorem
618 3955 655 3996 ne
675 3945 792 4017 optasse
808 3930 927 4013 quadem
950 3929 1296 4016 quemquameaetistemt

295 4039 621 4128 interponentem,
643 4045 765 4116 eccepto
786 4049 844 4090 nno
864 4030 921 4091 illo
943 4027 1083 4090 Herode.
1126 4025 1295 4104 Vindingio

295 4141 481 4208 cumcuim
501 4135 622 4198 vidam
642 4129 824 4212 graviorem,
847 4127 899 4188 ced
923 4147 1090 4210 perperam.
1132 4125 1211 4186 Nam
1232 4133 1295 4185 sent

296 4243 370 4328 loci,
390 4245 491 4326 inepte
512 4237 613 4300 forsan
635 4230 775 4315 gloriosa,
811 4227 887 4292 baec
911 4239 970 4291 est:
993 4227 1136 4290 leviorem
1155 4225 1213 4297 sibi
1239 4241 1295 4284 esst
