2726 4686
510 393 734 448 nttfflmto.
1040 393 1152 446 mlv
1238 416 1243 435 ·

69 595 126 644 tem
147 584 215 645 istis
238 585 440 667 temporibus,
456 585 509 668 qui
523 583 863 668 diversarumgentium
884 585 1006 645 nomina
1021 584 1063 646 ita
1083 585 1153 646 iun·

70 683 199 766 gebant,
215 683 276 744 nisi
299 707 334 744 ex
355 705 391 745 ea
412 685 574 766 adoptione
595 683 755 764 haberent,
779 706 813 746 ex
834 693 975 747 materna
995 684 1070 760 iilia,
1091 705 1154 746 ma·

71 785 185 844 rimesi
209 783 339 844 illustris
360 794 445 861 esset,
468 785 657 866 potissimum
677 805 809 858 sumere,
831 794 862 844 et
885 787 1022 866 paternis
1041 783 1154 846 addere

72 884 116 944 vel
134 886 345 965 praemittere.
390 885 486 966 Ipsius
507 905 580 944 vero
602 885 641 960 Q.
662 883 767 944 Aradii
790 883 891 946 Rniini
913 884 1008 946 filium
1028 885 1078 945 rel
1100 905 1154 942 ne-

70 993 165 1061 potem
194 993 276 1066 puto
298 982 384 1044 illum
416 981 566 1044 Aradium
583 983 740 1069 Rtfinurn,
764 983 817 1066 qui
842 1005 923 1044 anno
947 983 1094 1046 mcxvi.
1116 984 1156 1044 ab

72 1079 183 1142 loliano
207 1083 322 1144 Comes
343 1081 478 1142 Orientis
499 1093 543 1144 est
565 1080 673 1142 lactus.

147 1181 289 1242 XXXV.
333 1181 381 1241 lta
412 1203 506 1242 vero.
520 1179 621 1262 plures
649 1181 709 1242 iem
743 1182 890 1245 hahemus
918 1184 1004 1246 istius
1024 1186 1157 1248 nominis

72 1281 165 1356 rims,
187 1303 225 1344 ex
257 1281 370 1364 quibus
401 1283 532 1364 primum
554 1301 691 1342 censeam
713 1304 777 1346 esse
798 1284 879 1349 hunc
899 1283 1035 1367 Septimii
1059 1284 1156 1344 nostri

73 1385 218 1462 amicum,
253 1386 325 1466 qnia
358 1383 463 1444 eodem
495 1395 634 1464 tempore
656 1383 732 1444 duos
754 1386 875 1466 reperio
895 1383 1030 1447 illustres
1049 1385 1156 1448 itidem

72 1481 247 1563 Septimius,
277 1483 405 1545 alterum
438 1483 585 1555 Boreion,
611 1483 704 1544 tertio
725 1483 947 1550 decimoanno
967 1497 1034 1569 post
1056 1487 1153 1546 Arad.

73 1579 223 1657 lichnum,
247 1581 382 1646 alterum
405 1581 616 1660 Aeindyeum,
644 1583 699 1648 Xl.
720 1605 799 1643 anna
820 1593 892 1646 ante
913 1585 972 1652 Ar.
995 1583 1152 1660 Rufinum,

74 1681 152 1744 urhis
173 1683 361 1747 Praefectos.
403 1681 587 1744 Posterioris
606 1683 695 1744 huius
719 1681 815 1760 lilius,
835 1693 872 1744 ut
889 1685 1016 1767 opinor,
1040 1685 1155 1768 collega

74 1783 156 1844 eiam
184 1783 245 1844 fisis
277 1783 310 1842 in
334 1781 502 1844 Consulatu
526 1783 562 1844 L.
591 1786 647 1844 Ar.
670 1781 740 1844 vat.
770 1783 893 1868 Proculi
916 1805 997 1846 anno
1020 1786 1152 1846 chtt.

75 1879 115 1940 Er
135 1877 208 1960 illis,
224 1881 528 1967 BassoetAcimlyno
543 1895 638 1966 patre,
661 1883 842 1946 alterutrum
857 1881 1042 1946 crediderim
1064 1885 1154 1944 luisse

73 1991 202 2042 nosram
235 1983 427 2065 Septimium.
481 1983 555 2044 Nam
583 1994 682 2060 certe,
715 1985 768 2066 qui
790 1983 871 2044 hanc
898 1987 1070 2046 versionem
1090 1994 1154 2044 tem

75 2081 258 2144 hmiliamter
279 2083 361 2144 misit
382 2083 421 2144 ad
446 2084 485 2162 Q.
506 2083 567 2145 Ar.
589 2082 749 2157 Rufinum,
774 2085 875 2145 virum
896 2082 972 2145 adeo
992 2083 1153 2160 illustrem,

75 2185 191 2266 eiusque
205 2185 343 2246 favorem
359 2183 444 2268 quasi
463 2186 529 2244 iure
547 2204 603 2244 suo
620 2187 729 2266 exegit,
752 2183 943 2246 inscriberet
968 2184 1029 2262 Τιι,
1045 2185 1089 2244 Itu
1117 2206 1154 2246 ue

76 2283 122 2356 mi,
135 2297 166 2342 ιιι
183 2303 240 2344 ιιι
260 2297 321 2360 est,
331 2285 411 2363 save
431 2285 561 2366 coepta,
577 2303 648 2344 eum
669 2294 789 2365 oportet
809 2283 915 2346 itidem
937 2282 1029 2345 luisse
1053 2284 1152 2344 fortu-

76 2401 126 2442 ιιι
136 2393 166 2444 et
175 2383 419 2466 dignitatishaurl
430 2382 530 2446 multo
541 2383 692 2446 inferioris
701 2379 867 2446 hominem.
881 2385 1001 2447 Verum
1012 2395 1079 2444 uter
1090 2383 1153 2444 illo·

76 2503 146 2556 rom,
161 2483 254 2544 immo
268 2484 357 2544 etiam
381 2504 419 2543 an
440 2481 530 2566 plane
549 2485 699 2566 quispiam
714 2505 749 2546 ex
767 2484 834 2560 illis,
849 2485 964 2566 Dictya
974 2483 1056 2546 hune
1068 2485 1151 2543 Lati·

78 2587 273 2645 naoraarerit
289 2583 455 2661 locutione,
465 2585 536 2665 quia
548 2587 695 2646 incertum
710 2595 764 2661 est,
779 2584 983 2667 relinquemus
997 2587 1030 2662 in
1040 2583 1151 2644 medio.
1212 2593 1217 2600 '

156 2683 302 2746 xxxvl.
361 2683 427 2745 lloe
447 2686 559 2744 certius
589 2684 772 2746 arbitramur
804 2703 839 2744 ex
861 2692 958 2743 aetate
982 2683 1023 2758 Q.
1045 2681 1152 2742 Aradii

78 2779 189 2856 liuilni,
208 2783 387 2866 Septimium
408 2783 511 2862 hunc,
531 2783 665 2868 quisquis
699 2783 775 2861 suit,
798 2771 905 2845 vixisse
928 2791 961 2844 et
980 2783 1153 2845 versionem

75 2877 151 2940 hanc
183 2883 345 2944 coniecisse
371 2894 506 2965 tempore
526 2884 708 2946 Diocletiani
730 2892 785 2944 aut
804 2884 945 2959 circiter,
966 2894 1057 2964 etque
1077 2880 1153 2940 adeo

75 2977 160 3058 paulo
194 2995 282 3059 ante,
319 3002 411 3064 quam
439 2983 689 3045 christianismus
723 2985 753 3044 in
785 2983 944 3065 imperium
977 2982 1065 3043 Rom.
1097 2980 1154 3042 tait

76 3080 190 3142 tandem
211 3081 334 3164 publice
356 3093 509 3164 receptus.
567 3085 667 3160 Quin,
700 3105 793 3164 quum
831 3083 901 3143 huic
922 3083 1153 3144 christianismo

75 3179 209 3242 adversos
237 3186 328 3242 etiam
362 3193 463 3263 postea
496 3179 586 3242 inisse
616 3182 778 3264 plerosque
809 3181 937 3244 illustres
957 3183 1041 3244 urbis
1064 3181 1153 3244 Ilom.

74 3292 236 3360 senatores,
259 3280 309 3343 rel
331 3303 365 3342 ex
387 3277 572 3364 Symmacho
593 3291 730 3355 constet,
759 3281 873 3344 idcirco
893 3285 1024 3364 suspicer
1045 3281 1150 3351 ferme,

74 3377 205 3442 libellum
221 3381 317 3458 hune,
338 3383 389 3464 qui
411 3391 527 3442 tantam
544 3401 619 3464 prae
638 3401 670 3441 se
691 3381 803 3442 serebat
823 3381 1046 3463 antiquitatem,
1068 3392 1098 3442 et
1119 3383 1151 3440 in

74 3500 128 3558 qno
147 3481 229 3542 varia
240 3481 405 3542 historicae
426 3481 498 3542 selei
521 3490 672 3562 praetextu
687 3490 904 3542 memorentur·
915 3479 1054 3557 oracula,
1073 3482 1152 3540 rati-

75 3581 157 3658 cinia,
176 3579 325 3664 prodigio,
340 3591 452 3640 eventu
478 3601 534 3640 suo
548 3579 678 3654 firmata,
695 3579 790 3640 multa
802 3581 894 3640 etiam
910 3579 1059 3640 vindictae
1069 3579 1153 3640 Deo·

76 3699 138 3738 rum
156 3679 361 3742 Ethnioorum
384 3681 415 3738 in
437 3679 544 3762 impios
568 3690 598 3740 et
618 3681 665 3740 sui
686 3691 906 3760 contemptores
927 3677 1074 3760 exempla,
1097 3699 1151 3738 ve-

76 3773 127 3838 luti
146 3779 175 3839 in
197 3782 467 3862 Agamemnonem,
491 3780 545 3860 qni
565 3780 682 3840 Dianae
702 3799 824 3860 capram
846 3777 951 3840 iaculis
965 3777 1150 3854 conliserat,

9 3889 10 3900 ¹
74 3879 102 3935 in
127 3879 274 3954 Graecos,
310 3879 450 3961 Chrysen
477 3879 666 3940 sacerdotem
696 3875 846 3960 Apollinis
867 3889 1083 3962 aspernantem
1115 3877 1148 3936 in

75 3973 169 4054 Parin,
193 3983 244 4062 qui
259 3978 409 4040 Achillem
431 3977 469 4040 atl
493 3999 581 4038 aram
596 3977 747 4059 Apollinis
761 3977 934 4057 occiderat;
959 3979 988 4039 in
1015 3979 1149 4038 Graecos

73 4077 194 4155 itemm,
219 4084 321 4140 omnia
345 4101 429 4140 sacro
451 4077 594 4140 incendio
614 4079 748 4140 Troiano
770 4079 935 4140 violantes:
966 4077 1052 4140 illum
1074 4097 1148 4160 ergo

75 4173 197 4240 libellum
230 4181 411 4262 aScptimio
441 4191 514 4239 trine
544 4201 579 4240 eo
612 4181 800 4262 potissimum
820 4179 922 4238 animo
949 4197 1087 4254 versum,
1113 4189 1148 4239 nt

74 4277 156 4340 vetuti
177 4283 376 4362 antiquissimi
400 4281 546 4361 tcnqmris
567 4278 704 4355 historio,
730 4279 768 4340 ab
792 4277 916 4340 homine
937 4265 1073 4338 omnium
1098 4299 1146 4337 re-
