2698 4688
270 349 396 434 ⁸nm
539 423 541 428 Ι
751 317 945 405 emmonis}

294 549 327 602 et
354 536 491 622 plurimis
516 531 558 598 sb
578 533 630 596 iiio
651 535 828 600 muneribus
851 537 982 602 vicissim
1003 536 1132 600 doastus
1152 533 1285 610 dicitur„

293 661 365 706 rum
392 649 429 700 ut
455 637 703 700 existimationem
731 639 816 720 operi
842 638 1102 708 etauctoritatem
1123 635 1264 712 adderet,

292 737 377 821 quod
403 735 532 798 artifices
558 745 632 796 broc
652 735 750 798 facere
775 736 934 816 solebant,
963 738 1039 821 qui,
1068 746 1104 798 ut
1124 739 1285 818 pretium<

291 837 352 901 bns
365 838 462 898 novis.
477 846 508 896 et
535 835 598 898 suis
629 839 725 898 maius
754 837 945 914 invenirent,
976 837 1147 900 Praxitelis
1167 845 1220 898 sut
1238 835 1285 914 M,

291 957 403 1000 nomen
432 938 469 997 iis
492 923 718 1011 inscribebant,
747 947 821 999 teste
841 936 1003 1000 Phaedro:
1039 936 1145 998 eedem
1164 957 1236 1018 ergo
1258 955 1285 998 rs

289 1049 323 1100 et
341 1037 394 1098 iile
414 1033 540 1114 Dictyor
563 1033 709 1098 Cretensis
729 1057 839 1098 nornen
862 1057 918 1098 suo
942 1037 1027 1119 operi
1046 1038 1256 1118 praescripsit,

292 1157 353 1221 que
374 1135 459 1196 finxit
477 1133 631 1198 Idomenei
646 1135 839 1198 Cretensium
858 1134 955 1220 reguli
968 1136 1060 1200 fixisse
1077 1137 1217 1198 comitem
1236 1136 1266 1196 in

290 1237 407 1300 ditione
434 1256 454 1297 s
485 1235 608 1297 Graecis
633 1236 667 1296 in
687 1235 812 1298 'l'roiam
831 1248 980 1320 suscepte.
1020 1235 1067 1298 Ut
1095 1257 1169 1301 reso
1194 1257 1285 1318 opus,

288 1348 354 1401 tem
384 1337 522 1420 specioso
549 1337 672 1398 nomine
697 1347 857 1414 ornatum,
885 1339 976 1399 etism
1001 1347 1130 1400 aetatem
1156 1337 1270 1419 antiqui

291 1439 423 1499 auctoris
444 1436 516 1518 ipsis
533 1432 629 1498 veluti
650 1433 746 1498 oculis
768 1436 942 1518 ingereret,
960 1436 1077 1519 scripsit
1100 1433 1177 1498 iilud
1194 1437 1285 1498 literis

290 1538 383 1612 utus,
417 1533 521 1618 quales
542 1543 616 1595 tunc
637 1545 724 1596 erem
744 1533 854 1598 Poenis
874 1536 907 1596 iu
926 1555 996 1614 usu,
1016 1545 1047 1596 et
1066 1533 1210 1619 qualibus
1232 1557 1285 1596 cro

291 1635 516 1750 aptiquissimns
543 1633 675 1697 Graecos
694 1631 768 1694 olim
796 1653 887 1711 usos,
915 1634 989 1717 quia
1009 1633 1077 1698 iiius
1096 1633 1197 1696 literas
1215 1655 1251 1696 ex
1273 1633 1285 1696 1

287 1735 369 1796 nicia
393 1753 445 1816 per
470 1731 621 1794 Cadmum
643 1734 792 1815 accepisse
820 1743 930 1809 norat,
955 1731 1027 1795 licet
1052 1733 1187 1796 Punicne
1206 1733 1285 1796 Nero

289 1834 434 1918 temporis
453 1831 557 1895 liteme
576 1829 708 1892 multum
733 1853 805 1894 sane
825 1831 908 1894 hand
929 1831 1023 1894 dubie
1042 1843 1174 1899 mutatae
1194 1835 1254 1895 iam
1277 1853 1285 1900 ι

290 1933 332 1996 sb
360 1931 436 2008 iliis,
458 1951 533 2014 ques
552 1929 627 1994 olim
647 1929 810 1994 Cadmns'
803 1953 833 1994 ιε
854 1933 1016 1996 Graeciam
1037 1930 1191 1998 intulerat.
1231 1933 1285 1996 Prt

290 2051 327 2096 ea
346 2031 465 2114 scripsit
486 2028 592 2092 iilud
583 2051 615 2090 ιε
633 2031 764 2114 ρΙεζγείε
787 2052 842 2094 εει]
861 2031 955 2110 ulis,
986 2031 1044 2094 hoc
1064 2043 1128 2095 est:
1120 2029 1229 2094 ·rel
1222 2043 1285 2094 εει

289 2130 328 2194 iis
348 2129 493 2202 tilisceis,
514 2127 553 2190 de
574 2149 704 2211 quarum
727 2133 852 2213 endquo
872 2141 903 2192 ει
924 2130 1150 2214 frequentium
1174 2141 1245 2192 ante
1266 2131 1285 2196 ir

287 2243 351 2294 torn
374 2249 524 2313 papyrum
544 2239 574 2290 et
597 2227 803 2293 membranam
824 2251 1034 2314 pergamenam
1055 2233 1171 2314 egimus
1190 2231 1231 2294 ad
1252 2233 1285 2294 Α]

288 2330 365 2394 Ver.
389 2329 467 2396 Hist.
483 2328 571 2393 xlv.
591 2347 648 2406 ιε]
679 2326 727 2390 vel
747 2331 779 2389 in
802 2327 1008 2392 voluminibus
1035 2349 1069 2392 ex
1091 2329 1189 2410 libro,
1217 2351 1271 2392 seu

287 2429 370 2493 rinre
388 2428 491 2490 tunice
511 2428 591 2491 inter
608 2428 752 2488 corticem
772 2439 803 2488 et
825 2427 941 2510 iignum
963 2429 1056 2508 tiliae,
1077 2430 1230 2510 formetis,
1254 2433 1285 2492 in

288 2525 347 2592 bus
370 2537 402 2589 et
432 2526 502 2608 ipsis
523 2526 707 2608 scripserunt
727 2525 775 2588 vei
796 2529 924 2591 maxime
943 2529 1158 2611 antiquissimis
1176 2541 1285 2612 tempos

288 2625 367 2690 Vide
378 2627 519 2688 Vossium
539 2623 577 2686 de
596 2625 671 2688 Arte
691 2625 840 2694 Gammat
865 2627 889 2690 1.
909 2627 959 2692 56.
1001 2629 1140 2712 Denique
1157 2629 1242 2692 finxit
1261 2633 1285 2692 ir

289 2737 338 2792 mr
360 2747 424 2790 esse
444 2726 500 2790 hos
522 2723 639 2788 libellos
659 2726 691 2786 in
712 2724 872 2808 sepulchro
895 2725 977 2790 illius
1008 2718 1155 2812 Dictyos,
1193 2729 1277 2814 quod

288 2847 340 2890 me
361 2838 462 2906 motu,
492 2845 584 2908 quem
611 2835 743 2888 cesserat
761 2836 836 2886 tnnc
857 2825 966 2902 Creta,
996 2825 1163 2912 collapsum
1185 2839 1216 2892 et
1237 2849 1285 2912 apt

289 2927 390 2990 fuerit.
432 2925 540 3006 Neque
567 2935 730 2986 resumunt
752 2945 891 2988 successu
912 2947 967 2988 suo
994 2925 1051 2990 bae
1073 2941 1154 2992 artes
1174 2940 1204 2992 et
1228 2930 1285 2994 fret

288 3024 437 3108 siquidem
464 3045 524 3085 non
546 3025 610 3104 ipse
640 3033 761 3084 tantum
788 3024 894 3086 Praxis
915 3030 1036 3088 unctius
1057 3027 1096 3088 ab
1122 3029 1285 3090 Caesares

288 3135 400 3206 caput,
420 3122 474 3186 sed
490 3133 522 3184 et
543 3123 643 3203 ipsum
666 3121 725 3184 hoc
742 3143 818 3204 opus
836 3123 931 3186 literis
959 3128 1083 3190 Graecis
1105 3149 1159 3191 seu
1188 3129 1285 3192 Attici

147 3259 150 3268 ·
287 3224 455 3305 scripum,
482 3232 626 3302 tanquam
657 3223 821 3303 genuinum
853 3226 974 3310 antiqui
998 3230 1082 3308 uiri,
1103 3231 1159 3314 qui
1178 3229 1285 3313 apud,

275 3325 405 3407 sereret,
428 3331 658 3394 oromatum,
693 3319 723 3380 in
745 3319 896 3402 publicam
917 3333 991 3386 tunc
1009 3327 1067 3388 fuit
1089 3339 1244 3411 receptum
1263 3327 1285 3388 b

287 3423 428 3500 thecam,
449 3431 480 3484 et
498 3422 542 3482 iu
563 3415 719 3500 vulgatum
738 3419 890 3505 deinceps,
911 3435 948 3487 ut
968 3427 1075 3493 Graeci
1097 3427 1227 3493 multum
1248 3448 1285 3488 eo

288 3523 351 3588 rint
365 3524 425 3601 usi,
443 3531 473 3584 et
492 3539 549 3603 pro
562 3539 635 3582 vesu
648 3521 848 3602 antiquissimi
861 3523 988 3609 Dictyos
1003 3526 1167 3592 habuerint
1181 3530 1258 3608 fetu,
1279 3549 1285 3590 ι

286 3632 324 3686 ut
342 3621 386 3684 ait
413 3618 560 3702 Prologus
582 3621 699 3700 operis,
721 3621 824 3684 uerior
846 3622 975 3688 Tromni
992 3626 1065 3688 belli
1081 3641 1180 3690 tereres
1202 3629 1285 3690 sitnm

368 3720 468 3786 XXX.
509 3717 574 3780 Nec
594 3717 694 3780 minus
714 3720 871 3803 magnifice
891 3722 930 3786 de
949 3745 985 3788 en
1005 3731 1098 3790 sensit
1117 3729 1280 3810 Septimius

287 3823 401 3888 idcirco
432 3819 549 3896 nvidus,
578 3828 613 3880 ut
642 3820 703 3896 ait,
730 3841 820 3882 verae
838 3823 996 3903 discurrite,
1017 3826 1095 3888 iilud
1122 3829 1231 3890 Latine
1251 3847 1285 3888 vc

286 3947 343 3992 suo
361 3921 440 4004 stylo
460 3917 614 4002 explicuit,
634 3920 660 3980 si
679 3917 754 3980 fides
774 3919 929 4002 Epistolae
947 3924 1020 3992 huic
1040 3931 1171 3991 versioni
1195 3951 1285 4012 praeu

287 4037 333 4088 est
354 4020 505 4084 habenda.
546 4019 624 4080 Eum
649 4037 721 4078 vero
740 4017 867 4101 derogat
887 4021 934 4085 iili
961 4024 1018 4092 los.
1039 4029 1214 4102 Mercrius,
1247 4049 1285 4090 ea

286 4122 455 4208 Epistolsm
476 4118 596 4182 onmino
616 4115 748 4180 affirmat
772 4123 879 4206 nuperi
895 4145 956 4184 esse
981 4139 1010 4187 et
1036 4127 1172 4218 imper-sti
1190 4149 1285 4212 gmmi

287 4226 359 4306 culi,
378 4243 473 4307 quum
492 4219 575 4302 quod
595 4216 635 4280 ad
656 4215 783 4280 alteram
804 4217 1030 4286 Praefatiunem
1050 4249 1103 4290 seu
1117 4229 1285 4313 Prologum
