2762 4684
213 280 280 332 vm
657 267 875 330 emmanue
964 221 969 232 ’

212 443 420 518 oontnxerint3
447 443 598 524 quodiam
623 445 662 506 ad
684 447 762 514 Diet.
790 447 958 528 Praelatp
979 445 1069 511 XXV.
1097 447 1268 512 obernum

211 551 360 614 Pieetimns
373 556 500 612 noenum
511 551 583 614 hane
595 551 632 612 ob
652 572 763 616 cauum
781 554 812 614 in
823 553 942 616 tonost.
955 555 993 614 ad
1006 573 1067 634 oap·
1080 559 1112 620 3·
1128 559 1173 621 11.
1184 559 1222 620 ln
1232 557 1267 616 19.

210 659 344 741 losephns
357 658 470 720 Iseanas
481 665 568 740 poeta
580 668 655 732 erat,·
676 663 721 722 cni
733 662 829 740 generi
837 681 896 722 non
909 663 939 722 id
949 667 995 724 est
1003 661 1155 737 consilinm,
1172 667 1200 722 nt
1210 661 1267 721 aurio

210 768 338 830 omnibus
349 767 379 827 in
389 765 472 828 rebus
486 766 605 846 exempli
614 768 656 827 sui
670 769 787 846 vestigia
799 771 914 848 legant,
934 770 987 830 sed
1002 770 1093 828 auimo
1106 766 1229 844 inlabere
1238 763 1267 822 lu·

210 875 277 950 bet,
298 873 388 935 aliena
399 874 503 954 passim
521 875 675 936 admiscere
695 883 725 937 et
744 878 774 936 in
789 873 888 938 sabulis
908 874 1058 936 uaomndis
1076 869 1267 952 omuinoproin·

209 983 295 1060 genio
318 979 500 1042 sueverunt
541 981 677 1042 Henrieus
698 985 819 1062 denique
839 982 1050 1060 Brunsrigensis
1071 980 1132 1055 (rol
1155 977 1266 1058 potiu'l,

208 1108 295 1169 quem
306 1089 335 1148 iu
351 1085 523 1148 vernaculam
539 1085 661 1164 linguam
680 1087 831 1167 transtulit)
848 1107 906 1148 uon
919 1087 1054 1150 Deretem
1075 1086 1157 1146 solum
1168 1084 1264 1162 seorim

209 1197 260 1257 sed
272 1195 373 1272 Diotyu
385 1212 514 1272 quoque,
534 1200 564 1254 et
578 1195 721 1274 utriusque
732 1199 917 1260 narrationem
929 1211 1015 1274 saepe
1029 1196 1059 1254 iu
1069 1213 1150 1256 annm
1158 1189 1266 1252 oonlmlll

207 1306 254 1366 vol
267 1305 342 1364 iaxta
354 1301 440 1383 pouit.
482 1300 594 1381 Duplex
608 1305 730 1364 narratio
746 1311 790 1364 est
799 1304 837 1365 de
848 1301 988 1378 Menelao,
1010 1321 1094 1381 quum
1105 1300 1177 1360 Paris
1188 1295 1265 1374 eme

208 1429 268 1472 ram
284 1411 409 1472 venisset
420 1411 461 1481 (r.
478 1405 594 1468 Aduott.
608 1410 647 1469 ad
659 1429 683 1474 o.
695 1408 747 1490 9),
763 1413 801 1472 sle
812 1408 1089 1471 CastoreetPolluee
1101 1407 1208 1484 (uado
1221 1402 1264 1478 11),

205 1518 245 1578 de
257 1515 349 1578 Aiacis
361 1523 451 1578 morte
462 1515 502 1594 (v.
514 1517 553 1576 ad
566 1537 590 1577 e
604 1517 676 1592 35);
713 1515 846 1579 Antenori
860 1518 1032 1590 tribuantur,
1053 1535 1123 1595 qaae
1133 1509 1264 1574 alibireot'u

207 1623 404 1701 Polydamanti
416 1625 458 1699 (v.
473 1623 510 1682 ad
525 1643 549 1683 o
565 1623 639 1702 ⁸9);
659 1626 688 1686 in
701 1623 805 1687 Troiae
822 1611 979 1704 proditione
995 1624 1082 1684 modo
1098 1620 1197 1683 Daretis
1206 1614 1264 1676 noll

206 1731 312 1810 Dietyis
332 1731 518 1790 narrationem
537 1737 670 1792 sertatar.
716 1731 856 1794 Permulta
875 1731 1015 1792 Hauriens
1037 1729 1165 1790 inmisoet
1185 1717 1263 1784 ,buo

206 1837 331 1900 Troiano
345 1855 457 1919 prorsus
477 1833 588 1913 aliena,
608 1857 634 1898 r.
657 1858 682 1898 e.
700 1839 774 1899 taeta
789 1837 934 1913 Heronlis,
961 1837 1026 1898 tuse
1045 1857 1107 1917 esp.
1130 1823 1263 1900 474849

205 1946 367 2026 perseripta
408 1943 455 2005 De
472 1946 530 2005 eius
545 1945 667 2008 novandi
679 1946 833 2024 cupiditate
843 1945 958 2022 aliisque
969 1943 1074 2024 rebus,
1091 1958 1160 2023 quse
1171 1938 1214 1998 luc
1220 1949 1262 2014 ΡΨ

205 2051 312 2125 tinent,
332 2051 531 2132 disputavimus
549 2051 587 2112 ad
602 2051 676 2113 Diot.
696 2051 819 2112 Praeiat.
834 2073 863 2133 p.
875 2051 968 2112 xxtl.

163 2223 169 2232 ,
289 2157 389 2222 Redeo
404 2159 443 2220 ad
464 2158 576 2220 Daretis
597 2159 791 2239 interpretams
819 2161 869 2235 „iu
891 2159 990 2238 quo“,
1017 2163 1052 2219 ut
1069 2158 1109 2218 ait
1122 2145 1262 2218 nmio

204 2265 328 2332 Praelat.
344 2269 383 2328 ad
395 2267 467 2327 Diot
482 2265 573 2342 Cret,
593 2286 706 2344 „nequa
718 2267 918 2342 eruditionem,
939 2286 1035 2346 noque
1051 2265 1184 2335 indiciam,
1199 2271 1262 2332 W

204 2373 288 2438 ullam
300 2372 647 2451 elocutionis*elegantium
658 2376 855 2450 observamus,
876 2379 908 2434 nt
922 2375 1004 2434 nimis
1022 2361 1262 2454 impudorata*

203 2481 348 2558 videatur,
374 2481 423 2560 qui
439 2479 562 2540 Cornelii
579 2480 699 2560 Nepotis
717 2499 819 2542 nomen
839 2482 972 2542 mentitus
996 2485 1061 2556 est,
1089 2472 1262 2558 qnuffifiem

202 2587 337 2649 versionis
359 2583 520 2649 auctoris'.“
561 2589 660 2648 Sermo
676 2588 778 2649 latinus
799 2591 934 2668 pessimus
949 2593 1009 2664 eat,
1033 2593 1066 2646 at
1081 2580 1211 2666 peioreu't
1224 2591 1263 2634 Μ·

202 2713 286 2776 quam
296 2696 442 2774 quisquam
455 2695 597 2756 Romanus
614 2714 679 2755 usos
698 2697 743 2757 sit.
784 2696 948 2756 Ponduotur
960 2696 1078 2776 phrases
1098 2699 1185 2753 natura
1197 2685 1262 2744 (iter

202 2803 325 2878 sissima
346 2803 438 2864 bonae
451 2803 558 2878 malae,
579 2804 700 2883 optimae
716 2803 870 2883 pessimae,
890 2821 925 2866 ex
943 2801 1141 2881 antiquioribm
1154 2787 1262 2873 ιαὶρίθῐΡ

201 2909 254 2970 buo
270 2912 418 2991 portisque
436 2911 506 2972 miro
521 2912 642 2985 mixtae;
665 2929 721 2970 non
745 2912 846 2971 desunt
864 2911 947 2972 etiam
958 2911 1094 2972 tonnulae
1108 2922 1198 2977 norae,
1213 2912 1262 2974 qut·

200 3033 261 3074 rum
276 3017 339 3076 lons
349 3035 422 3077 nune
437 3018 550 3096 quidem
566 3019 756 3091 desideratur,
782 3017 874 3079 malm
894 3017 1081 3099 plerumque,·
1097 3007 1261 3076 nonullae*

200 3139 265 3182 men
284 3120 360 3181 haud
378 3129 562 3202 spernendae.
614 3127 701 3185 Suum
725 3125 826 3204 auique
852 3127 905 3186 lroe
922 3128 952 3184 iu
974 3145 1080 3203 genere
1096 3125 1131 3182 sit
1151 3112 1261 3178 iuditii!t

199 3227 328 3304 equidem
340 3229 433 3288 animo
446 3249 510 3291 meo
526 3231 667 3312 depellere
685 3250 744 3291 nou
756 3253 871 3313 possum
890 3233 1068 3315 opinionem,
1089 3247 1147 3290 erse
1160 3223 1260 3284 Duetffl

199 3340 322 3396 noenum
335 3335 495 3414 scriptorem
508 3356 574 3398 vere
586 3337 753 3400 Romanum.
793 3340 826 3400 Si
842 3342 890 3419 qui
908 3357 1012 3420 operae
1028 3337 1142 3418 pretium
1156 3319 1261 3390 annul,

201 3441 324 3504 libellum
339 3442 401 3504 sine
417 3441 459 3500 ira
476 3449 507 3503 et
527 3445 619 3506 studio
632 3447 793 3525 persolvere
812 3465 946 3528 measque
960 3443 1156 3506 senonenses
1169 3432 1260 3494 enlm

198 3551 367 3625 advertere,
394 3553 514 3611 tortasse
532 3550 562 3612 in
588 3555 706 3616 eandem
729 3556 895 3618 sententiam
920 3575 1028 3618 meeum
1045 3543 1180 3613 inclinabit
1212 3535 1260 3602 0⁸⁰

198 3663 292 3718 autem
305 3664 432 3738 tempore
444 3659 519 3718 roslis
538 3657 583 3721 iile
596 3663 715 3742 scriptor
732 3663 876 3728 Romanos
890 3664 1031 3744 epitomen
1047 3675 1121 3720 mam
1130 3651 1258 3712 coum*

197 3761 245 3836 rit,
266 3761 382 3822 delinire
389 3781 446 3823 non
457 3765 556 3826 auoim.
598 3767 716 3843 Quinto,
737 3777 826 3848 sexto,
845 3789 882 3832 an
893 3769 1046 3851 posteriore
1058 3751 1258 3828 mosomi&

197 3868 252 3943 rit,
280 3870 388 3934 aueo:
417 3889 481 3932 aa
502 3872 627 3937 uuum
650 3875 793 3940 annuus
814 3879 922 3942 seusu
947 3876 1120 3960 resipiscere,
1143 3877 1212 3928 um
1227 3854 1258 3911 αἱ

193 3975 263 4053 quin
274 3977 388 4040 sentiat.
890 3975 892 3984 '

280 4083 401 4148 auum
418 4085 529 4150 narem
549 4091 628 4168 quoa
644 4092 761 4169 asmo,
781 4091 826 4153 va
843 4092 933 4155 obiter
948 4089 1072 4151 matun
1087 4069 1257 4160 usumin

196 4195 328 4268 apparet,
349 4211 384 4253 ex
406 4193 440 4252 ii⁸
455 4195 493 4254 au
508 4195 612 4271 crolum
635 4197 766 4262 Troicum
780 4197 1017 4282 implorandum,
1042 4192 1115 4272 qood
1133 4188 1167 4248 sit
1185 4169 1255 4260 νώ
