2698 4688
285 373 387 422 uum·
758 369 930 422 esuszosn
1016 347 1029 398 Τ

282 562 378 624 elium
402 571 464 624 esse
491 581 515 624 a
541 573 661 633 nostm,
689 562 761 644 quia
784 560 869 645 apud
891 561 977 622 illum
1008 559 1130 622 Οειωηε
1155 559 1259 622 auditu

285 659 411 724 Paridis
430 659 637 744 suspendisse
656 660 756 742 ipsum
775 659 942 732 sustulerit,
962 681 1040 743 quae
1061 661 1145 743 apud
1162 675 1279 720 nostum

285 783 335 826 21.
352 781 412 847 per
433 779 597 822 mmmmm
616 757 769 844 deficiente
793 763 897 822 auium
919 759 1091 826 msoeiderit.
1133 759 1279 843 Respicius

284 881 362 923 eum¹
383 859 501 922 Tuetzis
517 856 557 920 ud
581 857 735 942 Lycopbr.
761 859 802 921 V.
818 857 872 921 61.
900 858 1089 922 ubidicitur
1123 858 1260 937 Oenone,

284 959 523 1046 deprehendisset
540 971 691 1020 mortemue
720 961 784 1021 iam
812 957 934 1037 Parin,
961 979 992 1020 se
1016 961 1114 1043 ipsam
1138 962 1279 1020 sustulisse

285 1059 447 1122 seemsdum
479 1047 617 1120 Coiutum
645 1059 746 1140 (quem
769 1079 789 1119 a
813 1058 931 1136 Quinto
952 1057 1083 1120 Calabro
1106 1069 1250 1140 tunquam
1273 1079 1279 1118 s

284 1179 354 1221 sum
372 1159 451 1220 mele
476 1157 764 1242 distinguimus,
793 1168 902 1220 uetans
928 1157 968 1219 sd
990 1157 1115 1220 1V.us.
1138 1159 1272 1220 austum

282 1274 329 1322 tus
354 1261 393 1344 Q.
418 1258 571 1334 Calaber,
601 1279 698 1342 quum
723 1279 804 1320 uuus
832 1259 974 1342 idemque
998 1259 1107 1336 fueriti
1140 1260 1177 1322 de
1203 1281 1262 1343 quo

283 1359 388 1422 videus
406 1379 484 1442 quse
504 1361 622 1421 notavit
641 1355 889 1440 diligentissimus
907 1357 1065 1424 Reinesius
1083 1358 1123 1422 sd
1135 1359 1279 1442 Rapum]

282 1459 346 1546 ⁶7³
366 1461 502 1522 iniicieus
517 1481 548 1521 se
569 1461 603 1520 in
628 1479 733 1542 rogum
754 1457 897 1534 Paridis,
920 1448 942 1540 ἢ
966 1455 1047 1522 κατὰ
1072 1453 1125 1522 τὸν
1148 1459 1276 1539 Δίκτυν,

280 1581 353 1644 χοις
373 1555 577 1640 α’παγχθεῖσα
587 1606 598 1639 ,
619 1561 652 1623 b.
671 1581 699 1622 e.
723 1561 774 1622 uel
793 1559 952 1622 secuudum
973 1559 1111 1640 Dicpn,
1142 1561 1256 1646 laqueis
1278 1603 1279 1612 s

280 1676 370 1736 eata,
395 1660 447 1721 vel
469 1660 597 1745 &suque
619 1660 778 1724 seeundum
799 1659 1045 1743 Lymplu'ouem‚
1072 1660 1112 1721 de
1131 1663 1210 1722 turri
1227 1683 1279 1744 se¹

280 1763 421 1846 cipimus.
470 1760 563 1822 Addo
592 1761 683 1824 etium
705 1761 808 1826 Tzetui
833 1759 1011 1843 adstipulari
1035 1759 1178 1822 Melelsm
1205 1783 1234 1842 p.
1256 1779 1279 1822 si

281 1860 467 1937 Cedreuum,
488 1863 540 1944 qui
557 1863 671 1945 puriter
688 1860 725 1923 de
743 1861 885 1940 Oenone,
904 1853 1002 1945 ἑαυτῇ
1018 1855 1221 1942 ἀπεχρήσατο
1241 1856 1279 1940 οἰχ

279 1963 410 2048 seipsam
439 1963 591 2023 custumis
616 1960 784 2046 suspendiis.
827 1961 944 2032 Verum
967 1981 1062 2044 quum
1083 1960 1117 2022 hi
1142 1961 1220 2042 ipsi,
1249 1961 1279 2020 M

258 2082 309 2144 ¹p.
330 2059 398 2126 156.
422 2070 480 2126 cet.
506 2071 542 2120 ut
563 2070 593 2125 et
616 2081 647 2144 p.
674 2059 740 2140 140.
765 2072 795 2122 et
815 2059 969 2122 Cedreuus
988 2082 1017 2144 p.
1041 2059 1279 2144 127..128.1292

277 2179 297 2222 a
322 2159 414 2222 caede
434 2159 574 2222 Hectoris
595 2179 691 2243 usque
715 2159 754 2222 sd
775 2181 880 2222 necem
898 2159 1046 2240 Achillis,
1068 2161 1162 2222 immo
1189 2172 1221 2222 et
1244 2182 1279 2220 mi

277 2257 419 2338 Paridis,
441 2281 564 2341 prossus
586 2263 774 2322 eonveuiunt
794 2262 825 2323 in
845 2259 971 2322 eundem
993 2259 1082 2344 plane
1104 2281 1206 2322 seium
1223 2281 1279 2322 suu

277 2379 314 2420 ue
342 2361 440 2443 ipsam
465 2361 573 2422 seriem
597 2363 700 2444 (quem
722 2360 793 2422 vide
820 2359 1029 2443 iusta§.19.)
1054 2381 1125 2422 eum
1145 2361 1279 2424 nomos

277 2459 342 2520 mio
377 2481 396 2521 a
435 2458 491 2521 lib.
513 2460 571 2522 ΙΙΙ.
606 2481 674 2542 esp.
701 2462 748 2526 15.
781 2481 878 2544 usque
905 2460 944 2522 ud
978 2459 1033 2521 lib.
1059 2461 1114 2522 lV.
1142 2483 1209 2544 esp.
1230 2483 1279 2522 su⁴

276 2559 360 2643 quod
379 2558 430 2622 hie
451 2558 540 2642 plum
560 2560 652 2643 paulo
676 2559 807 2638 hebeat,
836 2561 867 2620 in
893 2557 952 2622 hae
975 2571 1077 2622 eutem
1099 2581 1162 2622 uua
1187 2561 1279 2621 morti

274 2661 456 2724 oumstsutie
485 2661 649 2725 videantur
672 2659 852 2739 dissentise3
891 2661 960 2722 ideo
998 2659 1101 2722 nullus
1127 2682 1182 2744 ego
1215 2661 1279 2724 duh

275 2747 352 2846 quin
381 2763 464 2846 upud
486 2763 638 2824 Graecum
654 2763 769 2846 Dietyu
789 2759 962 2824 adhibitum
981 2761 1072 2823 suerit
1093 2762 1222 2824 verbum
1240 2783 1279 2822 uu

276 2883 403 2942 seusus,
433 2874 464 2924 et
484 2865 676 2946 potissimum
695 2860 814 2925 celebre
834 2861 909 2923 illud
926 2855 1096 2942 ἀπήγξατο,
1118 2884 1180 2946 quo
1197 2861 1279 2945 simp]

276 2965 376 3047 posito
406 2963 646 3045 frequentissime
674 2974 799 3024 notatus
826 2960 1044 3046 suspendium,
1073 2973 1109 3024 ut
1135 2973 1200 3024 eret
1229 2961 1262 3022 id

277 3045 476 3124 voluntariae
492 3071 523 3121 et
551 3081 606 3142 per
628 3081 797 3122 moerorem
818 3062 970 3143 quaesitae
994 3063 1099 3122 mostis
1123 3059 1279 3122 usitatissis

277 3160 330 3222 sed
360 3171 462 3222 tumen
491 3161 582 3222 etiam
610 3159 669 3224 alie
700 3158 922 3242 qualiscunque
957 3183 1039 3224 moes
1069 3183 1104 3223 ex
1124 3163 1279 3223 tiistitiet

275 3281 349 3344 gere
377 3259 473 3322 enimi
503 3260 599 3321 nimio
625 3269 709 3338 oste,
743 3269 777 3320 ut
799 3257 916 3343 liquido
946 3261 1065 3323 ostendi
1089 3261 1129 3322 sd
1150 3260 1274 3322 Aeliani

278 3361 358 3425 Hist.
379 3360 423 3424 V.
445 3358 476 3422 8.
519 3359 623 3442 Atque
644 3360 686 3420 ita
708 3359 830 3422 Teetees
852 3362 884 3424 id
905 3361 1034 3424 verbum
1056 3362 1096 3423 de
1116 3361 1279 3444 suspendis

276 3457 368 3520 modo
392 3460 516 3541 periisse
538 3457 697 3520 Oeuouem
720 3460 847 3523 trudunt
867 3467 958 3526 etiem
979 3462 1187 3546 Apollodorus
1206 3463 1279 3522 etC

147 3577 151 3590 ·
276 3561 506 3642 interpretatus,
527 3558 679 3622 addidisse
700 3561 822 3624 videtur
845 3562 883 3624 de
903 3584 959 3624 suo
980 3558 1138 3644 βρόχοις,
1166 3561 1253 3644 quod
1278 3583 1279 3620 1

277 3657 349 3740 eddi
380 3661 505 3720 minime
529 3669 606 3722 esset
633 3681 728 3742 opus,
765 3663 791 3723 si
820 3656 856 3723 sd
879 3654 1098 3742 Ἀπάγχεσθαι
1123 3682 1179 3745 per
1202 3681 1234 3722 se
1256 3681 1279 3719 u

277 3755 363 3820 uliud
383 3780 478 3842 genus
506 3760 634 3841 mortis,
662 3781 756 3842 quem
775 3761 1058 3845 stmngulstiouem‚
1087 3782 1167 3845 quse
1190 3761 1279 3843 leque

274 3869 428 3922 notasset:
451 3859 615 3942 Septimius
636 3882 709 3923 vero
734 3863 776 3922 ite
797 3864 947 3944 accepisse
968 3862 1056 3942 iilud,
1076 3863 1163 3946 qussi
1186 3883 1255 3923 eam
1278 3905 1279 3918 ,

275 3958 409 4040 quiesset
434 3957 567 4020 inclusus
587 3959 694 4035 dolos,
725 3971 755 4020 et
776 3962 940 4024 immodica
961 3960 1137 4025 suffocasset
1158 3960 1253 4022 enimi
1278 3985 1279 4012 i

274 4056 368 4118 tudo:
393 4055 482 4140 plane
507 4069 542 4119 ut
563 4042 626 4119 atii'
638 4079 760 4142 quoque
780 4071 918 4124 suctores
939 4059 1015 4122 illud
1036 4056 1279 4142 ἄπάγχεσθαιρ

203 4231 205 4244 Ι
273 4158 376 4218 nemis
398 4158 528 4220 verbum
551 4159 702 4223 neorieudi
724 4159 944 4243 reddiderunt,
976 4163 1059 4246 quod
1080 4162 1186 4225 itidem
1210 4163 1230 4226 i.
1256 4162 1275 4224 Ι.

272 4255 379 4320 batum
396 4255 477 4321 dedi.
