2782 4700
425 373 520 426 emm
543 370 689 429 morsm
712 375 779 426 us.
802 376 839 425 r.
1120 357 1193 432 sot

107 565 278 674 quisque
300 564 473 672 partium
497 567 681 658 volueret,
706 591 813 644 aune
827 565 964 644 Graeci
989 591 1079 642 cum
1102 565 1197 642 'l'ro

110 687 223 776 ianis,
248 709 456 786 rursusque
488 683 531 760 hi
556 683 662 792 apud
685 709 798 762 naves
820 685 941 760 amice
965 709 1086 788 agere.
1134 688 1198 762 ln-

114 803 232 878 terim
264 801 334 877 ubi
368 799 503 882 foedus
537 802 816 892 intervenerat,
852 804 983 878 cuncti
1018 801 1198 878 barbaro·

112 947 206 996 rum
230 920 332 1010 socii,
357 919 428 1023 qui
452 919 553 997 bello
578 921 720 996 residui
740 937 861 1012 erant,
887 921 1119 1023 gratulantes
1137 920 1196 996 in-

114 1055 293 1114 terventu
328 1037 429 1142 pacis
454 1035 503 1112 ad
527 1063 612 1114 suos
637 1035 854 1128 discedunt,
885 1063 934 1112 ne
959 1038 1197 1141 opperientes

113 1153 276 1258 quidem
294 1157 462 1260 praemia
484 1173 680 1232 tantorum
704 1154 972 1230 discriminum
996 1173 1113 1256 atque
1136 1179 1196 1228 ae

111 1298 356 1363 rumnarum,
372 1273 517 1349 scilicet
540 1274 660 1365 veriti,
685 1298 735 1350 ne
758 1299 834 1376 qua
853 1273 955 1379 pacti
980 1271 1070 1348 fides
1091 1269 1197 1376 apud

110 1387 298 1466 barbaros
324 1388 601 1467 dissolveretur.

217 1507 285 1582 Xl.
334 1508 495 1582 Interim
529 1506 635 1612 apud
666 1531 800 1596 naves,
838 1507 899 1584 uti
931 1506 1078 1582 Heleno
1116 1506 1196 1611 pla·-

111 1641 258 1712 cuerat,
284 1649 406 1726 equus
432 1625 612 1700 tabulatis
637 1625 846 1701 exstruitur
869 1649 939 1729 per
964 1626 1115 1728 Epium,
1142 1625 1197 1700 fa·

111 1739 346 1816 bricatorem
372 1743 453 1816 eius
485 1742 626 1846 operis:
659 1744 722 1818 cui
759 1741 861 1818 edito
893 1742 935 1816 in
969 1742 1197 1817 immensum

113 1853 216 1946 ima,
251 1879 352 1958 quae
382 1857 454 1932 sub
482 1855 643 1960 pedibus
678 1875 808 1947 erant,
841 1858 933 1933 rotis
964 1855 1198 1962 interpositis

110 1971 385 2077 suspenderat,
420 1976 564 2052 scilicet
595 2003 674 2077 quo
708 1993 876 2052 attractu
897 1993 1022 2050 motus
1049 1974 1197 2052 facilius

112 2085 237 2163 forest
263 2113 380 2192 quem
412 2091 543 2166 oll'erri
573 2088 720 2168 donum
743 2091 938 2166 Minervae
963 2091 1194 2175 maximum,

114 2205 294 2280 omnium
326 2230 391 2281 ore
423 2205 651 2308 agitabatur.
701 2209 880 2282 Ceterum
909 2205 1015 2312 apud
1041 2206 1197 2282 Troiam

116 2321 205 2396 auri
230 2339 348 2424 atque
370 2322 518 2426 argenti
543 2320 783 2428 praedictum
807 2321 958 2429 pondus
982 2349 1053 2428 per
1074 2327 1197 2398 Ante·-

118 2461 256 2514 norem
290 2455 407 2541 atque
440 2444 606 2515 Aeneam
642 2465 791 2515 summo
816 2437 955 2516 ’studio
988 2441 1032 2516 in
1057 2437 1199 2518 aedem

119 2551 315 2631 Minervae
340 2554 582 2660 portabatur.
631 2556 681 2628 Et
698 2554 847 2647 Graeci,
868 2573 1071 2660 postquam
1094 2553 1200 2628 auxi-

123 2665 179 2742 lia
202 2667 390 2745 sociorum
415 2667 566 2746 dimissa
591 2671 788 2772 cognitum
811 2688 876 2758 est,
901 2668 1109 2778 impensius
1134 2695 1200 2774 pa·
1305 2664 1312 2689 '

117 2807 205 2858 cem
229 2799 342 2886 atque
365 2785 576 2862 amicitiam
600 2786 798 2888 agitavere,
823 2785 934 2860 nullo
958 2781 1094 2860 exinde
1114 2783 1201 2858 bar-

116 2897 305 2976 barorum
329 2899 529 2978 interfecto
552 2920 623 2977 aut
645 2902 861 2996 vulnerst03
887 2927 965 3004 quo
984 2901 1101 3004 magis
1119 2901 1202 2976 sine

117 3013 203 3089 ulla
238 3013 517 3094 discordiarum
549 3018 763 3122 suspicione
795 3015 900 3123 apud
934 3016 1056 3094 hostes
1080 3016 1200 3092 fuere.

115 3129 224 3208 Dein
247 3156 393 3234 equum
417 3153 656 3239 compactum
682 3133 838 3210 adfabre
864 3133 1133 3236 confixumque
1151 3129 1202 3208 ed

114 3269 251 3322 muros
273 3265 446 3338 movent,
477 3251 755 3353 praenunciato
785 3249 981 3336 Troianis,
1017 3249 1076 3324 uti
1110 3275 1201 3325 cum

114 3361 307 3466 religione
321 3365 567 3472 susciperent,
591 3365 785 3446 Minervae
806 3365 948 3444 scilicet
967 3392 1118 3444 sacrum
1143 3363 1202 3440 dii

188 3646 233 3701 xl.
267 3647 415 3715 saluata)
451 3651 524 3706 Crat.
544 3651 692 3708 tabulatus.
721 3651 795 3706 inira
814 3651 908 3706 eadem
925 3665 1013 3706 notus
1021 3649 1132 3721 fissilis.
1150 3651 1199 3705 Ed.

109 3716 204 3772 Petne
215 3715 394 3790 melioret
411 3721 451 3775 sic
469 3722 522 3792 legi
541 3723 639 3776 iubent
656 3723 821 3795 vindingius
840 3732 869 3777 et
888 3715 1082 3793 WopkeusiosJ
1115 3723 1200 3794 Ioci·
1319 3743 1325 3753 ·

109 3787 177 3842 lius
192 3790 336 3857 probatum
356 3791 480 3849 dedimus
502 3793 531 3846 in
550 3793 637 3848 Gloss.

187 3861 259 3918 Mirr.
276 3865 433 3926 marimum,
454 3873 539 3924 omn.)
573 3865 653 3920 seru.
673 3871 701 3916 et
717 3863 768 3924 Ed.
789 3863 872 3918 Mers.
889 3863 959 3917 Min.
980 3863 1107 3926 maxime,
1126 3875 1199 3918 omn·

110 3927 194 4000 quod
218 3933 309 4002 placet
334 3934 475 3986 Perirouio
504 3934 576 3990 Dies.
595 3933 656 3990 ΧΗ
676 3941 706 3986 ct
721 3931 890 4004 Wopkensio
914 3949 941 4004 p.
958 3951 1004 4004 pr,
1028 3931 1080 3988 hac
1098 3931 1199 3984 distin-

108 3999 210 4052 etione
229 4005 385 4066 Minervas,
403 4005 512 4057 maxim.
532 4023 605 4062 omn.
709 4035 714 4046 v

188 4089 248 4128 cum
266 4075 414 4144 religione)
450 4073 515 4128 eat
541 4076 612 4143 vulg.
639 4091 699 4130 rum
720 4091 822 4130 summa
841 4073 985 4144 religiono
1021 4069 1130 4140 Propria
1148 4085 1198 4121 eu·

108 4139 217 4212 pidine
234 4143 364 4212 vinding,
386 4147 496 4216 conlgit
519 4159 550 4202 m
567 4163 627 4204 eum
644 4163 747 4203 summa
767 4143 816 4198 rel·
836 4143 903 4196 licei
926 4141 1006 4195 facilc
1029 4141 1200 4210 intelligatur

107 4227 190 4278 Μ,
217 4221 302 4286 ὃῑιιῑιο
328 4231 389 4272 tum
411 4213 464 4270 hot
486 4233 559 4272 netu
583 4217 620 4270 sit
644 4216 860 4272 usitatissimum.
885 4213 918 4267 ci.
946 4213 995 4268 lib.
1015 4213 1048 4265 ll.
1067 4215 1111 4284 lo.
1138 4223 1201 4266 cum
