2726 4686
213 373 265 454 86
572 445 575 454 ,
601 395 722 446 uturrs
746 395 925 446 caurensis

163 603 167 610 '
210 591 440 698 praemium,
465 584 651 664 universis
675 586 818 692 planeto
843 585 992 692 quippe
1016 586 1098 690 qui,
1123 613 1212 664 curn
1237 615 1303 693 por

210 727 250 784 se
273 709 420 784 amicus
445 701 646 806 fidelisque
672 703 801 786 nobis,
838 721 922 778 tum
949 703 1155 808 praecipue
1175 703 1223 780 ob
1248 735 1304 780 re·

190 825 394 932 ‘ligionem
427 820 619 925 Apollinis
653 818 752 894 nihil
788 845 868 894 non
903 819 1041 894 mereri
1073 819 1303 898 crederetur.

210 941 388 1043 Namque
420 936 556 1013 multis
586 933 665 1010 iam
698 933 940 1010 documentis
963 961 1009 1011 ac
1033 935 1135 1012 fama
1161 937 1301 1013 inuola-

207 1081 298 1134 rum
315 1055 474 1160 obsequi
493 1051 649 1128 numini
667 1052 749 1128 eius
766 1079 836 1157 per
852 1054 984 1128 omnia
1005 1051 1297 1132 destinaverant.

306 1171 447 1248 XXIX.
497 1171 608 1268 Quae
630 1187 834 1275 postquam
860 1175 1131 1272 Agamemnon·
1146 1173 1300 1277 aooepit,

207 1285 360 1362 obviam
399 1303 632 1361 cunctorum
666 1285 866 1360 sententiis
900 1285 957 1360 ire
983 1286 1118 1390 pergit.
1166 1291 1301 1391 ltaque

206 1401 329 1478 atroci
353 1402 466 1477 vultu
493 1399 658 1477 exitium
681 1397 868 1476 sacerdoti
891 1399 1158 1492 comminatus,
1182 1404 1223 1478 ni
1244 1429 1303 1478 re·

204 1518 375 1610 eederet,
413 1517 664 1624 perterritum
702 1541 832 1592 renem
869 1534 987 1622 atque
1017 1535 1186 1594 extrema
1224 1545 1302 1594 me-

209 1651 384 1710 tuentem
423 1632 648 1741 imperleoto
681 1633 834 1735 negotio
875 1632 925 1706 ab
968 1633 1139 1710 exercitu
1173 1632 1302 1711 dimit-

205 1749 266 1828 tit·
316 1751 401 1826 Hoc
425 1747 545 1826 modo
564 1767 758 1826 conventu
788 1747 990 1839 dissoluto,
1024 1750 1167 1852 singuli
1197 1777 1301 1854 reges

126 1869 131 1880 '
204 1863 255 1942 ad
286 1870 610 1970 Agamemnonem
634 1863 791 1952 adeunt,
813 1889 982 1968 eumque
999 1867 1132 1942 multis
1147 1867 1301 1972 probris

204 1981 485 2086 insequuntur:
510 1979 659 2087 quippe
680 1980 751 2083 qui
773 1979 823 2055 ob
840 2007 1011 2056 amorem
1025 1980 1197 2087 captivae
1215 2009 1300 2058 mu-

161 2169 169 2178 .
205 2095 314 2174 lieris
342 2117 461 2201 seque
492 2115 555 2186 et,·
592 2094 702 2200 quod
738 2093 1050 2198 indignissimum
1082 2094 1298 2189 videretur,

205 2213 304 2289 tanti
329 2211 503 2289 numinis
527 2209 645 2308 deum
669 2213 881 2290 contemtui
904 2212 1113 2289 habuisset:
1139 2239 1184 2290 ao
1208 2241 1299 2290 mox

202 2327 375 2405 universi
407 2327 588 2406 exsecrati
611 2327 833 2420 deseruere,
867 2327 917 2406 ob
951 2327 1010 2418 id,
1043 2347 1082 2405 et
1114 2355 1300 2406 memores

204 2441 435 2534 Palamedis,
470 2471 604 2549 quem,
637 2463 790 2548 gratum
815 2451 1091 2550 acc'eptumque
1121 2439 1299 2522 inexer-

202 2559 299 2646 citu,
324 2559 431 2638 haud
454 2560 537 2639 sine
561 2561 721 2638 consilio
747 2561 828 2636 eius
849 2560 1052 2637 Diomedes
1073 2579 1191 2664 atque
1216 2561 1299 2636 Uli-

204 2701 268 2752 xes
283 2673 373 2754 dolo
388 2675 697 2754 circumventum
711 2677 952 2754 necavissent.
977 2679 1156 2754 Ceterum
1168 2675 1304 2754 Achil-

203 2789 258 2868 les
282 2781 324 2868 in
357 2817 424 2870 ore
458 2793 642 2872 omnium
668 2793 873 2901 ipsumque
898 2809 940 2870 et
961 2795 1183 2871 Menelaum
1207 2820 1304 2870 con-

204 2909 373 2985 tumeliis
399 2909 603 2988 lacerabat.
881 2907 883 2910 ’

301 3011 430 3102 XXXI
465 3025 592 3130 Igitur
614 3025 776 3132 Chryses
797 3025 870 3138 ubi
892 3021 1080 3102 iniuriam
1101 3049 1305 3132 perpessus

201 3135 252 3214 ab
289 3141 578 3242 Agamemnone
615 3139 777 3220 domum
809 3141 993 3235 discessit,
1028 3169 1155 3248 neque
1180 3143 1305 3218 multi

203 3353 466 3375 m
576 3359 581 3370 s

272 3471 379 3559 Quippe
395 3473 458 3546 qur)
497 3471 545 3528 as.
562 3475 637 3530 Crat.
656 3484 686 3529 et
698 3473 781 3531 llere.
801 3493 854 3531 om.
872 3471 931 3551 qul,
968 3473 1041 3532 tall-u
1066 3493 1089 3530 e
1108 3495 1151 3550 au
1189 3457 1307 3551 Quippe⁸

199 3543 348 3668 πίιιιιιιει
366 3547 492 3600 mominis
506 3547 590 3602 deum
608 3552 760 3603 oontemmt
777 3548 926 3604 Ιιιιὸιιίιειι
946 3547 987 3601 Cf.
1007 3549 1135 3604 Oudond.
1160 3549 1197 3602 ad
1217 3553 1309 3618 april.

235 3623 271 3670 et.
289 3613 347 3666 vu.
366 3633 391 3684 p.
411 3619 471 3685 461.
493 3647 520 3658 -·
542 3616 607 3671 lllox
628 3621 699 3673 Crat.
716 3621 810 3674 meriti
827 3621 1000 3676 crerlelotur.
1038 3623 1116 3674 lietu.
1135 3638 1190 3674 our.
1214 3622 1309 3675 nihil.

272 3685 364 3738 xtttx.
401 3687 516 3742 exitium
540 3693 731 3751 comminatur.
759 3693 790 3743 ιιι·
816 3707 883 3755 ree,
910 3693 1089 3762 perterritum
1108 3695 1178 3762 sen.)
1224 3691 1310 3743 Crat.

196 3755 301 3810 exitum
318 3765 516 3824 comminatur,
537 3764 570 3813 nt
588 3758 747 3816 recederetr
770 3760 913 3833 perditum
933 3781 990 3816 reu.
1030 3763 1069 3814 lta
1097 3781 1182 3834 quum
1209 3764 1310 3816 etiam

198 3823 308 3880 ‘l'ollios
326 3828 360 3880 ad
380 3835 482 3882 Διιιοιι.
501 3831 547 3881 Gr.
568 3834 625 3884 Aet.
646 3847 673 3902 p.
698 3835 759 3900 73².
777 3835 907 3901 scriptum
927 3833 1074 3901 lavernet,
1095 3835 1215 3888 coniecit
1235 3851 1314 3902 per·-

199 3900 340 3963 terrr'tum‚
360 3915 432 3970 quae
449 3909 492 3954 est
507 3901 584 3955 MSS.
604 3907 632 3952 et
650 3907 714 3954 cett.
736 3899 801 3954 Edd.
822 3903 914 3956 lectio.
952 3903 1038 3956 llum.
1051 3905 1082 3956 ll.
1102 3907 1122 3956 l.
1141 3906 1184 3957 33.
1204 3905 1313 3957 asos·-

199 3979 252 4024 tttr
271 3967 329 4022 δ’ὁ
352 3973 452 4038 γέρων.
490 3972 538 4025 Pro
558 3969 674 4024 dimittit
693 3973 771 4024 Bern.
788 3971 948 4028 dimittitur·
987 3975 1036 4028 Ed.
1067 3975 1153 4027 Prino-
1171 3973 1313 4028 discedit.

267 4039 463 4114 insequuntur)
498 4043 570 4094 Crat.
590 4045 770 4094 r'nsertautur.
787 4043 830 4094 Cl.
848 4061 871 4096 c.
890 4049 932 4100 30.
952 4045 1000 4098 tib.
1019 4047 1068 4097 lll.
1089 4063 1131 4100 ao.
1150 4045 1196 4098 lV.
1216 4047 1313 4115 4-1.

201 4123 240 4177 tu
278 4109 350 4161 Infra
362 4119 419 4188 juo
438 4115 588 4166 contemtui
606 4113 654 4166 Ed.
679 4113 763 4165 Prius.
783 4127 954 4171 contemtum.

148 4201 151 4218 .
269 4180 304 4232 ot
324 4179 355 4232 td
372 4195 398 4234 «ι
416 4184 557 4254 memores)
592 4185 643 4238 zo.
675 4183 741 4241 obr,
760 4192 789 4236 et
810 4185 881 4240 crat.
901 4187 934 4243 ab
953 4185 1037 4262 idque
1055 4199 1082 4243 rr
1099 4204 1173 4242 mem.
1212 4186 1313 4240 Beue.

194 4247 262 4308 Ιοι
275 4251 417 4326 ipsumque
435 4268 463 4312 et
479 4255 646 4312 Menelaum.
665 4254 707 4317 Cf.
723 4253 793 4310 adl.
816 4258 855 4326 rt.
