2698 4688
302 377 346 426 Lx
361 439 366 462 ο
761 376 936 426 PERlZONll

300 563 369 626 bem
401 567 519 628 venisse
547 564 656 627 dicitur
686 587 753 646 cap.
781 567 827 632 13.
858 565 996 626 Telesino
1019 565 1160 636 Consule,
1185 567 1277 646 quic

298 665 428 727 Neronis
450 667 573 726 ineunte
593 663 783 726 consulatum
807 687 911 726 revera
934 667 1033 747 gessit.

380 763 438 828 Vl.
481 761 531 823 Sic
563 773 667 846 patere
698 765 758 824 iam
788 773 881 844 puto,
919 763 1051 823 erundum
1082 762 1174 827 fuisse
1199 761 1277 844 Dictj

298 884 389 946 quem
408 873 510 922 noster
530 861 694 944 Septimius
715 863 745 922 in
766 861 913 924 Latinum
936 865 1026 924 vertit
1045 881 1231 938 sermonem,
1257 883 1277 920 e

297 966 406 1026 Graeci
421 961 604 1029 habuerunt.
649 963 777 1024 Accedit
792 963 839 1024 his
855 983 940 1034 vero,
964 963 1060 1046 qnod,
1082 964 1171 1023 sicuti
1189 973 1276 1022 noste

297 1065 400 1126 culum
432 1061 491 1124 boc
520 1065 646 1147 Dictyos
668 1077 756 1125 vocat
784 1063 994 1149 Epltemerida
1023 1063 1099 1124 belli
1117 1064 1266 1134 Troiani,

297 1163 406 1230 suidas
426 1185 515 1225 snum
537 1165 649 1246 Dictyn
670 1163 824 1246 scripsisse
843 1163 924 1224 dicat
941 1157 1137 1244 'Epppspr‘du
1160 1163 1277 1242 Τρωϊκι

297 1258 437 1340 κόσμον,
467 1263 500 1322 lr.
524 1285 552 1329 e.
589 1263 796 1346 Eplremerr'da
826 1283 927 1322 rerum
960 1261 1045 1346 apud
1077 1261 1202 1322 Troiam
1234 1285 1277 1342 ges

295 1360 371 1423 Nam
389 1363 439 1423 vix
461 1362 581 1436 dubito,
603 1366 678 1445 quin
699 1363 780 1445 apud
797 1361 925 1424 Snidam
941 1362 1016 1422 hoec
1032 1357 1277 1432 verberarem

293 1458 382 1544 ρικὸς
401 1457 756 1545 dypupeu'ls’pppspe'do,
773 1458 839 1525 ἔστι
859 1460 897 1523 dd
916 1457 956 1523 sd
971 1462 1048 1540 μεθ’
1060 1453 1201 1541 Ὅμηρον
1220 1481 1277 1520 κατ

293 1565 352 1646 dpr
370 1564 404 1627 ἐν
424 1563 560 1644 βιβλίοις
575 1561 616 1631 θ’.
637 1555 789 1643 Ἰταλικοὶ,
811 1563 957 1644 Τρωϊκοῦ
969 1559 1167 1638 διακόσμουε
1193 1559 1277 1643 legen

292 1687 365 1727 cum
381 1663 507 1740 Allucio,
526 1677 556 1727 et
574 1664 786 1748 distinguenda
806 1685 876 1725 eum
890 1663 1071 1726 Obrechto:
1092 1663 1209 1736 Δίκτυς
1221 1659 1277 1724 ‘lor

294 1760 436 1846 ἔγραψεν
453 1755 652 1847 'Epppspr'do
675 1759 757 1846 (ἔστι
778 1762 814 1825 dd
834 1757 871 1824 roi
893 1763 968 1842 μεθ’
981 1753 1063 1842 “Ora
1082 1764 1190 1827 rocol.
1207 1758 1243 1824 ἐν
1262 1763 1277 1840 ῥ’

289 1859 431 1949 'tticum
458 1865 605 1946 Τρωϊκοῦ
635 1860 822 1943 διακόσμου,
874 1865 1096 1926 Parentbeseos
1124 1863 1229 1939 istius,
1262 1885 1276 1924 s

293 1968 360 2048 ipso
381 1966 420 2026 sit
439 1965 557 2040 suido,
580 1965 645 2028 sive
665 1964 705 2026 ab
727 1963 795 2027 aliis
815 1967 848 2026 in
869 1968 1035 2048 marginem
1057 1965 1189 2047 primum
1208 1983 1246 2023 ac
1266 1985 1277 2023 s

293 2077 410 2130 textum
441 2065 545 2144 illata,
575 2065 750 2145 distinctio,
784 2067 866 2129 unde
886 2067 998 2150 pendet
1017 2067 1167 2150 genuinus
1191 2066 1249 2128 loci
1275 2089 1277 2123 ι

294 2167 442 2244 debenus,
462 2178 496 2228 ut
519 2167 591 2243 disi,
615 2165 725 2228 illustri
748 2167 918 2244 Obrecbto,
940 2187 1031 2249 quem
1053 2167 1091 2228 ad
1104 2165 1272 2250 Epistulam

294 2268 348 2328 mii
371 2265 462 2328 velim
487 2265 600 2328 videas.
641 2267 784 2328 Ceterum
806 2267 889 2351 quod
910 2269 992 2350 apud
1014 2267 1141 2329 suidam
1166 2265 1277 2349 legimu

295 2378 367 2449 ctyn
388 2385 493 2428 uorem
512 2367 599 2427 libres
617 2367 690 2428 baec
708 2379 896 2444 exsecutum,
919 2387 1014 2450 quum
1029 2365 1193 2450 Septimius
1210 2369 1237 2427 ei
1253 2379 1276 2426 tr

296 2467 436 2529 videatur
454 2467 555 2528 ᾱεαηι
577 2465 687 2548 libros,
705 2467 778 2528 dum
795 2471 935 2552 priorum
956 2469 1084 2553 pulsique
1107 2468 1276 2530 oolumt'nnn

293 2570 364 2630 dem
384 2591 415 2630 se
434 2587 593 2630 retorserunt
613 2589 763 2642 servasse,
795 2568 915 2629 residua
945 2579 1046 2629 autem
1077 2569 1207 2654 penuque
1234 2569 1268 2628 in

295 2669 530 2751 redegissent,
553 2667 584 2730 id
606 2689 681 2731 vero
702 2667 777 2732 leuis
800 2691 835 2731 ac
858 2671 958 2732 tenuis
979 2681 1024 2731 est
1043 2670 1271 2752 discrepantiae,

297 2769 456 2832 facillimus
476 2781 507 2832 et
527 2769 731 2832 creberrimus
759 2773 791 2832 in
812 2773 948 2832 numeris
972 2770 1165 2833 librariorum
1190 2769 1229 2830 sit
1263 2767 1273 2828 l

294 2882 331 2931 ut
352 2869 430 2932 adeo
449 2891 572 2952 prorsus
593 2881 710 2954 potem,
732 2869 781 2936 vel
803 2871 884 2955 apud
908 2871 1034 2932 Suidam
1055 2869 1215 2953 legendum
1230 2868 1275 2932 ds's

295 2973 398 3053 potius
421 2971 503 3053 apud
526 2971 707 3056 Septimium
732 2973 853 3035 residuo
872 2987 1005 3059 quantor.

381 3069 453 3136 Vll.
493 3071 635 3154 Denique
654 3074 744 3132 sicuti
763 3083 867 3134 nomer
887 3073 994 3154 Dictys
1013 3073 1109 3154 seipse
1131 3070 1173 3132 ait
1184 3069 1225 3130 V.
1247 3091 1274 3152 ¹:

296 3169 390 3252 psisse
413 3169 472 3230 hoc
494 3189 570 3252 opus
592 3171 687 3232 luen&
707 3171 832 3233 Prouisis
857 3171 899 3232 ab
920 3171 1035 3234 cadem
1058 3171 1225 3256 Dauooque
1244 3183 1274 3230 m

296 3273 339 3332 sic
359 3281 390 3332 et
408 3272 543 3332 &asem
562 3272 692 3354 scriptor
713 3272 746 3334 in
767 3271 994 3355 Prolsgomenis
1015 3273 1202 3348 Rhetoricis,
1220 3272 1273 3331 citu

297 3367 413 3432 Altam
436 3369 474 3432 de
494 3371 581 3434 Patr.
603 3371 698 3434 Hom.
720 3391 753 3454 p.
773 3373 825 3456 59.
852 3373 967 3456 Dictyn
989 3375 1141 3436 Graecum
1161 3393 1212 3434 seu
1235 3369 1273 3430 Gr

294 3473 431 3532 comitem
459 3461 636 3550 Idomenei,
670 3471 766 3536 tradit
793 3471 979 3556 συγγράψαι
1006 3468 1063 3535 τὸν
1090 3467 1229 3552 Τρωϊκὸν
1255 3493 1273 3530 π

298 3569 456 3632 oraretur
479 3565 683 3653 γράμμασιν,
707 3563 755 3646 οἷς
769 3564 914 3655 ’Έλληνες
934 3568 1004 3637 τότε
1024 3564 1087 3634 dud
1110 3565 1242 3648 Κάδμου
1264 3591 1272 3646 p

296 3687 349 3742 τις
373 3669 532 3752 ἐχρῶντο,
558 3675 708 3759 compsisse
731 3675 816 3736 Troi.
837 3675 945 3737 bellum
967 3674 1063 3736 biems
1091 3673 1270 3734 Phoenicum

295 3771 348 3830 bur
377 3770 489 3832 Gmeoi
516 3783 586 3834 &osc
615 3795 637 3834 o
666 3773 780 3836 Cadmo
800 3777 934 3858 acceptis
959 3775 1122 3841 ιαεόαιιιιιν.
1164 3771 1210 3832 De
1230 3771 1272 3830 his

298 3867 421 3952 spe'mus
442 3869 597 3956 deinceps,
615 3873 740 3956 quaudo
754 3873 965 3958 probabimus,
985 3875 1161 3956 neutiquam
1176 3869 1265 3930 luisse

296 3991 364 4034 rem
388 3981 526 4034 nostrum
558 3973 701 4036 Troianis
731 3975 919 4060 temporibus
949 3973 1124 4058 aequalem,
1153 3971 1271 4056 quodp

297 4070 368 4132 ms.
420 4071 510 4134 Nunc
542 4071 652 4134 sufficit
673 4086 778 4136 nostro
799 4076 948 4154 instituto,
969 4071 1135 4138 declarasse
1162 4073 1248 4132 etiam

298 4167 466 4233 literarum
481 4184 681 4255 argumento,
710 4177 823 4258 Dictyn
834 4223 845 4260 ,
876 4197 938 4261 qno
966 4175 1076 4238 Graeci
1096 4183 1127 4236 et
1147 4193 1205 4256 quo
1226 4171 1270 4253 Sep

297 4267 349 4333 his
368 4282 414 4334 est
435 4294 529 4356 ustis,
551 4273 642 4336 luisse
661 4278 803 4340 eundem.
