<?xml version="1.0" encoding="UTF-8"?>
<!DOCTYPE html PUBLIC "-//W3C//DTD XHTML 1.0 Transitional//EN"
    "http://www.w3.org/TR/xhtml1/DTD/xhtml1-transitional.dtd">
<html xmlns="http://www.w3.org/1999/xhtml" xml:lang="en" lang="en">
 <head>
  <title>
</title>
<meta http-equiv="Content-Type" content="text/html;charset=utf-8" />
  <meta name='ocr-system' content='tesseract 3.04.00' />
  <meta name='ocr-capabilities' content='ocr_page ocr_carea ocr_par ocr_line ocrx_word'/>
</head>
<body>
  <div class='ocr_page' id='page_1' title='image "./dictyscretensis00dictgoog/dictyscretensis00dictgoog_0026.png"; bbox 0 0 2698 4688; ppageno 0'>
   <div class='ocr_carea' id='block_1_1' title="bbox 279 285 951 363">
    <p class='ocr_par' dir='ltr' id='par_1_1' title="bbox 279 285 951 363">
     <span class='ocr_line' id='line_1_1' title="bbox 279 285 951 363; baseline -0.004 0"><span class='ocrx_word' id='word_1_1' title='bbox 279 285 341 363; x_wconf 79' lang='lat' dir='ltr'><strong>xvi</strong></span> <span class='ocrx_word' id='word_1_2' title='bbox 712 307 951 362; x_wconf 78' lang='lat' dir='ltr'><strong>inmortuus.</strong></span> 
     </span>
    </p>
   </div>
   <div class='ocr_carea' id='block_1_2' title="bbox 247 493 1248 4236">
    <p class='ocr_par' dir='ltr' id='par_1_2' title="bbox 247 493 1248 1549">
     <span class='ocr_line' id='line_1_2' title="bbox 281 493 1248 586; baseline -0.005 -25"><span class='ocrx_word' id='word_1_3' title='bbox 281 503 334 586; x_wconf 87' lang='lat' dir='ltr'><strong>qui</strong></span> <span class='ocrx_word' id='word_1_4' title='bbox 353 519 435 562; x_wconf 87' lang='lat' dir='ltr'><strong>anno</strong></span> <span class='ocrx_word' id='word_1_5' title='bbox 455 499 584 564; x_wconf 84' lang='lat' dir='ltr'><strong>Nemnis</strong></span> <span class='ocrx_word' id='word_1_6' title='bbox 606 495 773 582; x_wconf 86' lang='lat' dir='ltr'><strong>penultimo</strong></span> <span class='ocrx_word' id='word_1_7' title='bbox 796 499 920 562; x_wconf 87' lang='lat' dir='ltr'><strong>ineunte</strong></span> <span class='ocrx_word' id='word_1_8' title='bbox 942 495 1016 574; x_wconf 75' lang='lat' dir='ltr'><strong>(rid.</strong></span> <span class='ocrx_word' id='word_1_9' title='bbox 1039 495 1192 567; x_wconf 79' lang='lat' dir='ltr'><strong>Obrecht.</strong></span> <span class='ocrx_word' id='word_1_10' title='bbox 1214 493 1248 556; x_wconf 63' lang='lat' dir='ltr'><strong>ac*</strong></span> 
     </span>
     <span class='ocr_line' id='line_1_3' title="bbox 280 605 1248 668; baseline 0 -2"><span class='ocrx_word' id='word_1_11' title='bbox 280 609 312 666; x_wconf 88' lang='lat' dir='ltr'><strong>in</strong></span> <span class='ocrx_word' id='word_1_12' title='bbox 342 605 430 668; x_wconf 75' lang='lat' dir='ltr'><strong>Creta</strong></span> <span class='ocrx_word' id='word_1_13' title='bbox 459 608 588 668; x_wconf 80' lang='lat' dir='ltr'><strong>saevisse</strong></span> <span class='ocrx_word' id='word_1_14' title='bbox 614 605 754 667; x_wconf 86' lang='lat' dir='ltr'><strong>traditur.</strong></span> <span class='ocrx_word' id='word_1_15' title='bbox 803 607 919 668; x_wconf 88' lang='lat' dir='ltr'><strong>Verum</strong></span> <span class='ocrx_word' id='word_1_16' title='bbox 955 607 1046 668; x_wconf 87' lang='lat' dir='ltr'><strong>ctiam</strong></span> <span class='ocrx_word' id='word_1_17' title='bbox 1074 605 1153 666; x_wconf 90' lang='lat' dir='ltr'><strong>huic</strong></span> <span class='ocrx_word' id='word_1_18' title='bbox 1185 605 1248 666; x_wconf 80' lang='lat' dir='ltr'><strong>solt</strong></span> 
     </span>
     <span class='ocr_line' id='line_1_4' title="bbox 280 711 1248 778; baseline -0.004 -2"><span class='ocrx_word' id='word_1_19' title='bbox 280 717 454 778; x_wconf 85' lang='lat' dir='ltr'><strong>testimonio</strong></span> <span class='ocrx_word' id='word_1_20' title='bbox 474 717 616 777; x_wconf 77' lang='lat' dir='ltr'><strong>historica</strong></span> <span class='ocrx_word' id='word_1_21' title='bbox 638 714 712 775; x_wconf 85' lang='lat' dir='ltr'><strong>fides</strong></span> <span class='ocrx_word' id='word_1_22' title='bbox 732 714 892 778; x_wconf 86' lang='lat' dir='ltr'><strong>tribuenda</strong></span> <span class='ocrx_word' id='word_1_23' title='bbox 912 725 977 776; x_wconf 77' lang='lat' dir='ltr'><strong>ests</strong></span> <span class='ocrx_word' id='word_1_24' title='bbox 1000 733 1063 776; x_wconf 90' lang='lat' dir='ltr'><strong>non</strong></span> <span class='ocrx_word' id='word_1_25' title='bbox 1078 714 1122 774; x_wconf 89' lang='lat' dir='ltr'><strong>ab</strong></span> <span class='ocrx_word' id='word_1_26' title='bbox 1134 711 1248 774; x_wconf 74' lang='lat' dir='ltr'><strong>Malela</strong></span> 
     </span>
     <span class='ocr_line' id='line_1_5' title="bbox 247 816 1248 906; baseline -0.001 -25"><span class='ocrx_word' id='word_1_27' title='bbox 247 880 251 896; x_wconf 56' lang='grc'><strong>,</strong></span> <span class='ocrx_word' id='word_1_28' title='bbox 279 819 338 882; x_wconf 88' lang='lat' dir='ltr'><strong>dae</strong></span> <span class='ocrx_word' id='word_1_29' title='bbox 366 818 554 903; x_wconf 86' lang='lat' dir='ltr'><strong>aliorumque</strong></span> <span class='ocrx_word' id='word_1_30' title='bbox 584 825 784 906; x_wconf 79' lang='lat' dir='ltr'><strong>posteriorum</strong></span> <span class='ocrx_word' id='word_1_31' title='bbox 812 823 991 904; x_wconf 85' lang='lat' dir='ltr'><strong>scriptorum</strong></span> <span class='ocrx_word' id='word_1_32' title='bbox 1018 821 1049 880; x_wconf 91' lang='lat' dir='ltr'><strong>iu</strong></span> <span class='ocrx_word' id='word_1_33' title='bbox 1071 816 1152 880; x_wconf 87' lang='lat' dir='ltr'><strong>illud</strong></span> <span class='ocrx_word' id='word_1_34' title='bbox 1177 839 1248 880; x_wconf 69' lang='lat' dir='ltr'><strong>cons</strong></span> 
     </span>
     <span class='ocr_line' id='line_1_6' title="bbox 279 925 1248 1014; baseline -0.004 -26"><span class='ocrx_word' id='word_1_35' title='bbox 279 947 361 1006; x_wconf 89' lang='lat' dir='ltr'><strong>nem,</strong></span> <span class='ocrx_word' id='word_1_36' title='bbox 381 927 493 1010; x_wconf 86' lang='lat' dir='ltr'>quippe</span> <span class='ocrx_word' id='word_1_37' title='bbox 511 931 565 1012; x_wconf 88' lang='lat' dir='ltr'><strong>qui</strong></span> <span class='ocrx_word' id='word_1_38' title='bbox 579 930 697 1014; x_wconf 83' lang='lat' dir='ltr'><strong>Dictyis</strong></span> <span class='ocrx_word' id='word_1_39' title='bbox 710 927 874 1010; x_wconf 83' lang='lat' dir='ltr'><strong>Prologum</strong></span> <span class='ocrx_word' id='word_1_40' title='bbox 893 927 1123 1009; x_wconf 76' lang='lat' dir='ltr'><strong>exscripserint3</strong></span> <span class='ocrx_word' id='word_1_41' title='bbox 1147 925 1205 987; x_wconf 87' lang='lat' dir='ltr'><strong>sed</strong></span> <span class='ocrx_word' id='word_1_42' title='bbox 1220 947 1248 1009; x_wconf 77' lang='lat' dir='ltr'><strong>ql</strong></span> 
     </span>
     <span class='ocr_line' id='line_1_7' title="bbox 280 1032 1248 1119; baseline 0 -23"><span class='ocrx_word' id='word_1_43' title='bbox 280 1054 375 1118; x_wconf 89' lang='lat' dir='ltr'><strong>quum</strong></span> <span class='ocrx_word' id='word_1_44' title='bbox 411 1033 531 1098; x_wconf 62' lang='lat' dir='ltr'><strong>&amp;emm</strong></span> <span class='ocrx_word' id='word_1_45' title='bbox 561 1035 719 1119; x_wconf 79' lang='lat' dir='ltr'><strong>aliquoties</strong></span> <span class='ocrx_word' id='word_1_46' title='bbox 760 1049 858 1098; x_wconf 88' lang='lat' dir='ltr'><strong>terrae</strong></span> <span class='ocrx_word' id='word_1_47' title='bbox 899 1035 1031 1097; x_wconf 86' lang='lat' dir='ltr'><strong>motibus</strong></span> <span class='ocrx_word' id='word_1_48' title='bbox 1061 1045 1092 1094; x_wconf 90' lang='lat' dir='ltr'><strong>et</strong></span> <span class='ocrx_word' id='word_1_49' title='bbox 1123 1032 1248 1096; x_wconf 87' lang='lat' dir='ltr'><strong>iuunda</strong></span> 
     </span>
     <span class='ocr_line' id='line_1_8' title="bbox 277 1139 1248 1226; baseline -0.003 -22"><span class='ocrx_word' id='word_1_50' title='bbox 277 1145 414 1226; x_wconf 76' lang='lat' dir='ltr'><strong>graviter</strong></span> <span class='ocrx_word' id='word_1_51' title='bbox 436 1153 583 1207; x_wconf 72' lang='lat' dir='ltr'><strong>vacutam</strong></span> <span class='ocrx_word' id='word_1_52' title='bbox 602 1165 721 1206; x_wconf 76' lang='lat' dir='ltr'><strong>essaei</strong></span> <span class='ocrx_word' id='word_1_53' title='bbox 745 1143 895 1206; x_wconf 80' lang='lat' dir='ltr'><strong>veteribus</strong></span> <span class='ocrx_word' id='word_1_54' title='bbox 915 1151 1031 1204; x_wconf 66' lang='lat' dir='ltr'><strong>conmet</strong></span> <span class='ocrx_word' id='word_1_55' title='bbox 1052 1139 1127 1220; x_wconf 84' lang='lat' dir='ltr'><strong>(vid.</strong></span> <span class='ocrx_word' id='word_1_56' title='bbox 1150 1141 1248 1202; x_wconf 84' lang='lat' dir='ltr'><strong>Meun</strong></span> 
     </span>
     <span class='ocr_line' id='line_1_9' title="bbox 282 1243 1248 1336; baseline 0.002 -26"><span class='ocrx_word' id='word_1_57' title='bbox 282 1243 308 1314; x_wconf 84' lang='lat'><strong>1.</strong></span> <span class='ocrx_word' id='word_1_58' title='bbox 333 1250 380 1314; x_wconf 82' lang='lat'><strong>15.</strong></span> <span class='ocrx_word' id='word_1_59' title='bbox 400 1272 433 1334; x_wconf 86' lang='lat' dir='ltr'><strong>p.</strong></span> <span class='ocrx_word' id='word_1_60' title='bbox 454 1249 506 1314; x_wconf 76' lang='lat'><strong>61.</strong></span> <span class='ocrx_word' id='word_1_61' title='bbox 526 1256 602 1336; x_wconf 63' lang='lat' dir='ltr'><strong>sm),</strong></span> <span class='ocrx_word' id='word_1_62' title='bbox 621 1250 751 1313; x_wconf 87' lang='lat' dir='ltr'><strong>eundem</strong></span> <span class='ocrx_word' id='word_1_63' title='bbox 771 1263 869 1313; x_wconf 87' lang='lat' dir='ltr'><strong>terrae</strong></span> <span class='ocrx_word' id='word_1_64' title='bbox 890 1261 1007 1312; x_wconf 89' lang='lat' dir='ltr'><strong>motum</strong></span> <span class='ocrx_word' id='word_1_65' title='bbox 1026 1259 1132 1319; x_wconf 78' lang='lat' dir='ltr'><strong>nmrat</strong></span> <span class='ocrx_word' id='word_1_66' title='bbox 1152 1251 1248 1312; x_wconf 85' lang='lat' dir='ltr'><strong>etiam</strong></span> 
     </span>
     <span class='ocr_line' id='line_1_10' title="bbox 280 1353 1248 1442; baseline -0.006 -22"><span class='ocrx_word' id='word_1_67' title='bbox 280 1367 393 1420; x_wconf 86' lang='lat' dir='ltr'><strong>stratus</strong></span> <span class='ocrx_word' id='word_1_68' title='bbox 421 1357 484 1422; x_wconf 90' lang='lat' dir='ltr'><strong>Vit.</strong></span> <span class='ocrx_word' id='word_1_69' title='bbox 504 1357 649 1442; x_wconf 85' lang='lat' dir='ltr'><strong>Apollon.</strong></span> <span class='ocrx_word' id='word_1_70' title='bbox 670 1359 726 1420; x_wconf 91' lang='lat' dir='ltr'><strong>lV.</strong></span> <span class='ocrx_word' id='word_1_71' title='bbox 754 1379 822 1436; x_wconf 74' lang='lat' dir='ltr'><strong>tn,</strong></span> <span class='ocrx_word' id='word_1_72' title='bbox 846 1358 896 1420; x_wconf 90' lang='lat' dir='ltr'><strong>cui</strong></span> <span class='ocrx_word' id='word_1_73' title='bbox 915 1357 1032 1440; x_wconf 86' lang='lat' dir='ltr'><strong>Dictyis</strong></span> <span class='ocrx_word' id='word_1_74' title='bbox 1052 1353 1195 1418; x_wconf 86' lang='lat' dir='ltr'><strong>fabulosa</strong></span> <span class='ocrx_word' id='word_1_75' title='bbox 1218 1357 1248 1416; x_wconf 91' lang='lat' dir='ltr'><strong>in</strong></span> 
     </span>
     <span class='ocr_line' id='line_1_11' title="bbox 279 1462 1222 1549; baseline -0.003 -23"><span class='ocrx_word' id='word_1_76' title='bbox 279 1463 410 1549; x_wconf 89' lang='lat' dir='ltr'><strong>ideoque</strong></span> <span class='ocrx_word' id='word_1_77' title='bbox 437 1464 529 1526; x_wconf 88' lang='lat' dir='ltr'><strong>etiam</strong></span> <span class='ocrx_word' id='word_1_78' title='bbox 548 1464 727 1548; x_wconf 86' lang='lat' dir='ltr'><strong>Ephemeris</strong></span> <span class='ocrx_word' id='word_1_79' title='bbox 749 1463 821 1527; x_wconf 87' lang='lat' dir='ltr'><strong>belli</strong></span> <span class='ocrx_word' id='word_1_80' title='bbox 847 1464 973 1526; x_wconf 88' lang='lat' dir='ltr'><strong>Troiani</strong></span> <span class='ocrx_word' id='word_1_81' title='bbox 994 1465 1096 1546; x_wconf 77' lang='lat' dir='ltr'><strong>ignota</strong></span> <span class='ocrx_word' id='word_1_82' title='bbox 1115 1462 1222 1524; x_wconf 80' lang='lat' dir='ltr'><strong>fuerit.</strong></span> 
     </span>
    </p>

    <p class='ocr_par' dir='ltr' id='par_1_3' title="bbox 280 1569 1248 2520">
     <span class='ocr_line' id='line_1_12' title="bbox 281 1569 1241 1657; baseline -0.006 -21"><span class='ocrx_word' id='word_1_83' title='bbox 281 1573 365 1657; x_wconf 85' lang='lat' dir='ltr'><strong>quod</strong></span> <span class='ocrx_word' id='word_1_84' title='bbox 385 1571 491 1636; x_wconf 87' lang='lat' dir='ltr'><strong>eodem</strong></span> <span class='ocrx_word' id='word_1_85' title='bbox 512 1583 649 1657; x_wconf 87' lang='lat' dir='ltr'><strong>tempore</strong></span> <span class='ocrx_word' id='word_1_86' title='bbox 669 1575 701 1635; x_wconf 89' lang='lat' dir='ltr'><strong>in</strong></span> <span class='ocrx_word' id='word_1_87' title='bbox 725 1575 799 1636; x_wconf 85' lang='lat' dir='ltr'><strong>Asia</strong></span> <span class='ocrx_word' id='word_1_88' title='bbox 818 1584 880 1636; x_wconf 88' lang='lat' dir='ltr'><strong>tres</strong></span> <span class='ocrx_word' id='word_1_89' title='bbox 900 1571 1008 1652; x_wconf 68' lang='lat' dir='ltr'><strong>urbes&#39;,</strong></span> <span class='ocrx_word' id='word_1_90' title='bbox 1031 1569 1241 1649; x_wconf 79' lang='lat' dir='ltr'><strong>Laodiceam,</strong></span> 
     </span>
     <span class='ocr_line' id='line_1_13' title="bbox 280 1679 1248 1766; baseline -0.007 -22"><span class='ocrx_word' id='word_1_91' title='bbox 280 1681 365 1766; x_wconf 87' lang='lat' dir='ltr'><strong>polin</strong></span> <span class='ocrx_word' id='word_1_92' title='bbox 385 1693 416 1746; x_wconf 92' lang='lat' dir='ltr'><strong>et</strong></span> <span class='ocrx_word' id='word_1_93' title='bbox 439 1681 592 1758; x_wconf 80' lang='lat' dir='ltr'><strong>Colossae,</strong></span> <span class='ocrx_word' id='word_1_94' title='bbox 621 1693 720 1744; x_wconf 86' lang='lat' dir='ltr'><strong>terrac</strong></span> <span class='ocrx_word' id='word_1_95' title='bbox 742 1693 828 1744; x_wconf 88' lang='lat' dir='ltr'><strong>motu</strong></span> <span class='ocrx_word' id='word_1_96' title='bbox 858 1680 1022 1744; x_wconf 87' lang='lat' dir='ltr'><strong>concidisse</strong></span> <span class='ocrx_word' id='word_1_97' title='bbox 1041 1691 1142 1742; x_wconf 88' lang='lat' dir='ltr'><strong>narret</strong></span> <span class='ocrx_word' id='word_1_98' title='bbox 1166 1679 1248 1740; x_wconf 83' lang='lat' dir='ltr'><strong>Oros</strong></span> 
     </span>
     <span class='ocr_line' id='line_1_14' title="bbox 280 1787 1248 1874; baseline -0.003 -23"><span class='ocrx_word' id='word_1_99' title='bbox 280 1790 407 1874; x_wconf 77' lang='lat' dir='ltr'>V11.7.</span> <span class='ocrx_word' id='word_1_100' title='bbox 446 1789 563 1854; x_wconf 87' lang='lat' dir='ltr'><strong>Locum</strong></span> <span class='ocrx_word' id='word_1_101' title='bbox 585 1790 761 1862; x_wconf 81' lang='lat' dir='ltr'><strong>Philostrati</strong></span> <span class='ocrx_word' id='word_1_102' title='bbox 781 1793 918 1852; x_wconf 77' lang='lat' dir='ltr'><strong>certatim</strong></span> <span class='ocrx_word' id='word_1_103' title='bbox 941 1789 1091 1851; x_wconf 80' lang='lat' dir='ltr'><strong>adduxere</strong></span> <span class='ocrx_word' id='word_1_104' title='bbox 1112 1789 1173 1849; x_wconf 84' lang='lat' dir='ltr'><strong>viri</strong></span> <span class='ocrx_word' id='word_1_105' title='bbox 1189 1787 1248 1848; x_wconf 90' lang='lat' dir='ltr'><strong>doc</strong></span> 
     </span>
     <span class='ocr_line' id='line_1_15' title="bbox 280 1895 1248 1979; baseline -0.004 -19"><span class='ocrx_word' id='word_1_106' title='bbox 280 1907 316 1960; x_wconf 87' lang='lat' dir='ltr'><strong>ut</strong></span> <span class='ocrx_word' id='word_1_107' title='bbox 333 1897 507 1960; x_wconf 87' lang='lat' dir='ltr'><strong>Obrechtus</strong></span> <span class='ocrx_word' id='word_1_108' title='bbox 520 1898 560 1960; x_wconf 90' lang='lat' dir='ltr'><strong>ad</strong></span> <span class='ocrx_word' id='word_1_109' title='bbox 578 1897 685 1976; x_wconf 84' lang='lat' dir='ltr'><strong>Prol.;</strong></span> <span class='ocrx_word' id='word_1_110' title='bbox 704 1897 879 1960; x_wconf 72' lang='lat' dir='ltr'><strong>Perizonius</strong></span> <span class='ocrx_word' id='word_1_111' title='bbox 895 1897 976 1963; x_wconf 85' lang='lat' dir='ltr'><strong>Dias.</strong></span> <span class='ocrx_word' id='word_1_112' title='bbox 996 1895 1023 1979; x_wconf 98' lang='grc'><strong>5.</strong></span> <span class='ocrx_word' id='word_1_113' title='bbox 1036 1897 1097 1976; x_wconf 79' lang='lat' dir='ltr'><strong>V.;</strong></span> <span class='ocrx_word' id='word_1_114' title='bbox 1118 1897 1248 1957; x_wconf 79' lang='lat' dir='ltr'><strong>Meursia</strong></span> 
     </span>
     <span class='ocr_line' id='line_1_16' title="bbox 280 2003 1248 2092; baseline 0 -26"><span class='ocrx_word' id='word_1_115' title='bbox 280 2003 305 2066; x_wconf 89' lang='lat' dir='ltr'><strong>l.</strong></span> <span class='ocrx_word' id='word_1_116' title='bbox 325 2005 347 2066; x_wconf 89' lang='grc' dir='ltr'><strong>Ι.</strong></span> <span class='ocrx_word' id='word_1_117' title='bbox 388 2005 508 2069; x_wconf 86' lang='lat' dir='ltr'><strong>Scilicet</strong></span> <span class='ocrx_word' id='word_1_118' title='bbox 525 2027 621 2091; x_wconf 89' lang='lat' dir='ltr'><strong>quum</strong></span> <span class='ocrx_word' id='word_1_119' title='bbox 641 2005 821 2091; x_wconf 86' lang='lat' dir='ltr'><strong>Apollonius</strong></span> <span class='ocrx_word' id='word_1_120' title='bbox 840 2007 1001 2092; x_wconf 83' lang='lat' dir='ltr'><strong>Tyanacus</strong></span> <span class='ocrx_word' id='word_1_121' title='bbox 1021 2005 1127 2068; x_wconf 87' lang='lat' dir='ltr'><strong>eodem</strong></span> <span class='ocrx_word' id='word_1_122' title='bbox 1140 2017 1248 2088; x_wconf 74' lang='lat' dir='ltr'><strong>tempor</strong></span> 
     </span>
     <span class='ocr_line' id='line_1_17' title="bbox 282 2112 1248 2191; baseline -0.003 -15"><span class='ocrx_word' id='word_1_123' title='bbox 282 2112 367 2176; x_wconf 86' lang='lat' dir='ltr'><strong>Nero</strong></span> <span class='ocrx_word' id='word_1_124' title='bbox 387 2113 420 2174; x_wconf 88' lang='lat' dir='ltr'><strong>in</strong></span> <span class='ocrx_word' id='word_1_125' title='bbox 439 2113 557 2176; x_wconf 81' lang='lat' dir='ltr'><strong>Achaia</strong></span> <span class='ocrx_word' id='word_1_126' title='bbox 580 2115 842 2191; x_wconf 81' lang='lat' dir='ltr'><strong>commorabatur,</strong></span> <span class='ocrx_word' id='word_1_127' title='bbox 866 2134 901 2177; x_wconf 86' lang='lat' dir='ltr'><strong>cx</strong></span> <span class='ocrx_word' id='word_1_128' title='bbox 924 2115 1050 2176; x_wconf 85' lang='lat' dir='ltr'><strong>Graecia</strong></span> <span class='ocrx_word' id='word_1_129' title='bbox 1073 2115 1105 2174; x_wconf 91' lang='lat' dir='ltr'><strong>in</strong></span> <span class='ocrx_word' id='word_1_130' title='bbox 1125 2114 1248 2176; x_wconf 87' lang='lat' dir='ltr'><strong>Cretam</strong></span> 
     </span>
     <span class='ocr_line' id='line_1_18' title="bbox 281 2221 1248 2304; baseline -0.005 -20"><span class='ocrx_word' id='word_1_131' title='bbox 281 2232 349 2284; x_wconf 87' lang='lat' dir='ltr'><strong>ctus</strong></span> <span class='ocrx_word' id='word_1_132' title='bbox 371 2233 462 2300; x_wconf 87' lang='lat' dir='ltr'><strong>esset,</strong></span> <span class='ocrx_word' id='word_1_133' title='bbox 495 2232 587 2304; x_wconf 85' lang='lat' dir='ltr'><strong>atque</strong></span> <span class='ocrx_word' id='word_1_134' title='bbox 607 2221 678 2284; x_wconf 86' lang='lat' dir='ltr'><strong>inde</strong></span> <span class='ocrx_word' id='word_1_135' title='bbox 699 2243 791 2304; x_wconf 88' lang='lat' dir='ltr'><strong>porro</strong></span> <span class='ocrx_word' id='word_1_136' title='bbox 812 2223 941 2284; x_wconf 87' lang='lat' dir='ltr'><strong>Romam</strong></span> <span class='ocrx_word' id='word_1_137' title='bbox 965 2223 1023 2284; x_wconf 86' lang='lat' dir='ltr'><strong>itcr</strong></span> <span class='ocrx_word' id='word_1_138' title='bbox 1041 2231 1179 2303; x_wconf 84' lang='lat' dir='ltr'><strong>pararet,</strong></span> <span class='ocrx_word' id='word_1_139' title='bbox 1202 2230 1248 2280; x_wconf 80' lang='lat' dir='ltr'><strong>tur</strong></span> 
     </span>
     <span class='ocr_line' id='line_1_19' title="bbox 281 2317 1248 2414; baseline -0.009 -20"><span class='ocrx_word' id='word_1_140' title='bbox 281 2325 413 2408; x_wconf 80' lang='grc' dir='ltr'><strong><em>σεισμὸς</em></strong></span> <span class='ocrx_word' id='word_1_141' title='bbox 433 2324 563 2410; x_wconf 70' lang='grc' dir='ltr'><strong><em>ἀθρόως</em></strong></span> <span class='ocrx_word' id='word_1_142' title='bbox 581 2328 620 2414; x_wconf 79' lang='grc' dir='ltr'><strong>τῇ</strong></span> <span class='ocrx_word' id='word_1_143' title='bbox 643 2323 757 2414; x_wconf 75' lang='grc' dir='ltr'><strong><em>Κρήτῃ</em></strong></span> <span class='ocrx_word' id='word_1_144' title='bbox 778 2328 971 2409; x_wconf 76' lang='grc' dir='ltr'><strong><em>προσέβαλε·</em></strong></span> <span class='ocrx_word' id='word_1_145' title='bbox 1005 2323 1121 2410; x_wconf 72' lang='grc' dir='ltr'><strong><em>βροντὴ</em></strong></span> <span class='ocrx_word' id='word_1_146' title='bbox 1139 2325 1174 2390; x_wconf 82' lang='grc' dir='ltr'><strong>δὲ</strong></span> <span class='ocrx_word' id='word_1_147' title='bbox 1196 2317 1248 2387; x_wconf 76' lang='grc' dir='ltr'><strong>οὐκ</strong></span> 
     </span>
     <span class='ocr_line' id='line_1_20' title="bbox 282 2429 1229 2520; baseline 0.001 -24"><span class='ocrx_word' id='word_1_148' title='bbox 282 2436 408 2520; x_wconf 73' lang='lat' dir='ltr'><strong>priris,</strong></span> <span class='ocrx_word' id='word_1_149' title='bbox 443 2435 514 2498; x_wconf 68' lang='grc' dir='ltr'><strong>ἀλλ’</strong></span> <span class='ocrx_word' id='word_1_150' title='bbox 540 2437 575 2499; x_wconf 70' lang='grc' dir='ltr'><strong>ἐκ</strong></span> <span class='ocrx_word' id='word_1_151' title='bbox 600 2436 657 2519; x_wconf 81' lang='grc' dir='ltr'><strong>τῆς</strong></span> <span class='ocrx_word' id='word_1_152' title='bbox 678 2436 734 2519; x_wconf 75' lang='grc' dir='ltr'><strong>γῆς</strong></span> <span class='ocrx_word' id='word_1_153' title='bbox 754 2431 933 2518; x_wconf 64' lang='lat' dir='ltr'><strong>tissimum·</strong></span> <span class='ocrx_word' id='word_1_154' title='bbox 979 2429 1170 2520; x_wconf 60' lang='grc' dir='ltr'><strong>ἦθᾶὶασσα</strong></span> <span class='ocrx_word' id='word_1_155' title='bbox 1194 2435 1229 2498; x_wconf 77' lang='grc' dir='ltr'><strong>δὲ</strong></span> 
     </span>
    </p>

    <p class='ocr_par' dir='ltr' id='par_1_4' title="bbox 281 2535 1248 3804">
     <span class='ocr_line' id='line_1_21' title="bbox 281 2535 1241 2628; baseline -0.006 -20"><span class='ocrx_word' id='word_1_156' title='bbox 281 2565 380 2627; x_wconf 67' lang='lat' dir='ltr'><strong>ornos</strong></span> <span class='ocrx_word' id='word_1_157' title='bbox 399 2540 514 2609; x_wconf 78' lang='grc' dir='ltr'><strong><em>στάδια</em></strong></span> <span class='ocrx_word' id='word_1_158' title='bbox 527 2539 605 2620; x_wconf 82' lang='grc' dir='ltr'><strong><em>ἴσως</em></strong></span> <span class='ocrx_word' id='word_1_159' title='bbox 625 2535 716 2608; x_wconf 75' lang='grc' dir='ltr'><strong>ἑπτά.</strong></span> <span class='ocrx_word' id='word_1_160' title='bbox 756 2544 870 2608; x_wconf 82' lang='lat' dir='ltr'><strong>Adlicit</strong></span> <span class='ocrx_word' id='word_1_161' title='bbox 889 2543 1014 2608; x_wconf 85' lang='lat' dir='ltr'><strong>Malelas</strong></span> <span class='ocrx_word' id='word_1_162' title='bbox 1033 2567 1066 2628; x_wconf 89' lang='lat' dir='ltr'><strong>p.</strong></span> <span class='ocrx_word' id='word_1_163' title='bbox 1091 2547 1162 2624; x_wconf 79' lang='lat'><strong>322,</strong></span> <span class='ocrx_word' id='word_1_164' title='bbox 1182 2563 1241 2604; x_wconf 88' lang='lat' dir='ltr'><strong>non</strong></span> 
     </span>
     <span class='ocr_line' id='line_1_22' title="bbox 283 2643 1248 2735; baseline -0.003 -21"><span class='ocrx_word' id='word_1_165' title='bbox 283 2663 352 2735; x_wconf 86' lang='lat' dir='ltr'><strong>post</strong></span> <span class='ocrx_word' id='word_1_166' title='bbox 372 2651 455 2714; x_wconf 91' lang='lat' dir='ltr'><strong>hunc</strong></span> <span class='ocrx_word' id='word_1_167' title='bbox 479 2661 598 2714; x_wconf 88' lang='lat' dir='ltr'><strong>motum</strong></span> <span class='ocrx_word' id='word_1_168' title='bbox 617 2651 727 2714; x_wconf 84' lang='lat' dir='ltr'><strong>obiisse</strong></span> <span class='ocrx_word' id='word_1_169' title='bbox 744 2651 913 2727; x_wconf 85' lang='lat' dir='ltr'><strong>Neronem,</strong></span> <span class='ocrx_word' id='word_1_170' title='bbox 936 2644 1039 2711; x_wconf 73' lang='lat' dir='ltr'><strong>noste</strong></span> <span class='ocrx_word' id='word_1_171' title='bbox 1057 2647 1092 2711; x_wconf 71' lang='grc' dir='ltr'><strong>ἐν</strong></span> <span class='ocrx_word' id='word_1_172' title='bbox 1118 2647 1156 2733; x_wconf 76' lang='grc' dir='ltr'><strong>τῇ</strong></span> <span class='ocrx_word' id='word_1_173' title='bbox 1173 2643 1248 2730; x_wconf 58' lang='lat' dir='ltr'><strong>aas</strong></span> 
     </span>
     <span class='ocr_line' id='line_1_23' title="bbox 283 2753 1236 2842; baseline -0.006 -20"><span class='ocrx_word' id='word_1_174' title='bbox 283 2753 452 2842; x_wconf 76' lang='grc' dir='ltr'><strong><em>ρισάμενος</em></strong></span> <span class='ocrx_word' id='word_1_175' title='bbox 475 2757 521 2832; x_wconf 81' lang='grc' dir='ltr'><strong>εἷς</strong></span> <span class='ocrx_word' id='word_1_176' title='bbox 544 2755 775 2842; x_wconf 74' lang='grc' dir='ltr'><strong>ἐπανόρθωσιν.</strong></span> <span class='ocrx_word' id='word_1_177' title='bbox 818 2759 898 2820; x_wconf 84' lang='lat' dir='ltr'><strong>Huic</strong></span> <span class='ocrx_word' id='word_1_178' title='bbox 920 2767 1018 2820; x_wconf 87' lang='lat' dir='ltr'><strong>terrac</strong></span> <span class='ocrx_word' id='word_1_179' title='bbox 1040 2759 1134 2818; x_wconf 85' lang='lat' dir='ltr'><strong>motui</strong></span> <span class='ocrx_word' id='word_1_180' title='bbox 1153 2759 1236 2838; x_wconf 82' lang='lat' dir='ltr'><strong>quasi</strong></span> 
     </span>
     <span class='ocr_line' id='line_1_24' title="bbox 282 2863 1248 2950; baseline -0.006 -20"><span class='ocrx_word' id='word_1_181' title='bbox 282 2879 386 2930; x_wconf 87' lang='lat' dir='ltr'><strong>mento</strong></span> <span class='ocrx_word' id='word_1_182' title='bbox 406 2869 449 2946; x_wconf 89' lang='lat' dir='ltr'><strong>is,</strong></span> <span class='ocrx_word' id='word_1_183' title='bbox 479 2868 532 2950; x_wconf 90' lang='lat' dir='ltr'><strong>qui</strong></span> <span class='ocrx_word' id='word_1_184' title='bbox 555 2867 701 2929; x_wconf 84' lang='lat' dir='ltr'><strong>Graecam</strong></span> <span class='ocrx_word' id='word_1_185' title='bbox 727 2865 960 2950; x_wconf 88' lang='lat' dir='ltr'><strong>premeridem</strong></span> <span class='ocrx_word' id='word_1_186' title='bbox 982 2863 1055 2927; x_wconf 92' lang='lat' dir='ltr'><strong>belli</strong></span> <span class='ocrx_word' id='word_1_187' title='bbox 1073 2864 1192 2926; x_wconf 85' lang='lat' dir='ltr'><strong>Troiani</strong></span> <span class='ocrx_word' id='word_1_188' title='bbox 1210 2883 1248 2924; x_wconf 69' lang='lat' dir='ltr'><strong>col</strong></span> 
     </span>
     <span class='ocr_line' id='line_1_25' title="bbox 284 2970 1248 3056; baseline -0.007 -20"><span class='ocrx_word' id='word_1_189' title='bbox 284 2975 483 3056; x_wconf 83' lang='lat' dir='ltr'><strong>superstmxit</strong></span> <span class='ocrx_word' id='word_1_190' title='bbox 514 2970 647 3034; x_wconf 80' lang='lat' dir='ltr'><strong>fabulam</strong></span> <span class='ocrx_word' id='word_1_191' title='bbox 680 2973 720 3034; x_wconf 89' lang='lat' dir='ltr'><strong>de</strong></span> <span class='ocrx_word' id='word_1_192' title='bbox 748 2972 833 3034; x_wconf 83' lang='lat' dir='ltr'><strong>hiatu</strong></span> <span class='ocrx_word' id='word_1_193' title='bbox 859 2983 978 3050; x_wconf 85' lang='lat' dir='ltr'><strong>terrae,</strong></span> <span class='ocrx_word' id='word_1_194' title='bbox 1006 2973 1039 3032; x_wconf 90' lang='lat' dir='ltr'><strong>in</strong></span> <span class='ocrx_word' id='word_1_195' title='bbox 1068 2991 1128 3055; x_wconf 90' lang='lat' dir='ltr'><strong>quo</strong></span> <span class='ocrx_word' id='word_1_196' title='bbox 1151 2990 1169 3031; x_wconf 90' lang='lat' dir='ltr'><strong>a</strong></span> <span class='ocrx_word' id='word_1_197' title='bbox 1193 2981 1248 3052; x_wconf 78' lang='lat' dir='ltr'><strong>pasl</strong></span> 
     </span>
     <span class='ocr_line' id='line_1_26' title="bbox 282 3075 1248 3160; baseline -0.001 -21"><span class='ocrx_word' id='word_1_198' title='bbox 282 3075 510 3139; x_wconf 84' lang='lat' dir='ltr'><strong>transeuntibus</strong></span> <span class='ocrx_word' id='word_1_199' title='bbox 528 3075 632 3136; x_wconf 86' lang='lat' dir='ltr'><strong>arcula</strong></span> <span class='ocrx_word' id='word_1_200' title='bbox 652 3079 717 3138; x_wconf 84' lang='lat' dir='ltr'><strong>visa</strong></span> <span class='ocrx_word' id='word_1_201' title='bbox 737 3087 824 3156; x_wconf 87' lang='lat' dir='ltr'><strong>esset,</strong></span> <span class='ocrx_word' id='word_1_202' title='bbox 845 3097 944 3160; x_wconf 89' lang='lat' dir='ltr'><strong>quae,</strong></span> <span class='ocrx_word' id='word_1_203' title='bbox 965 3087 1109 3160; x_wconf 86' lang='lat' dir='ltr'><strong>tanquam</strong></span> <span class='ocrx_word' id='word_1_204' title='bbox 1130 3075 1248 3139; x_wconf 83' lang='lat' dir='ltr'><strong>thesaur</strong></span> 
     </span>
     <span class='ocr_line' id='line_1_27' title="bbox 283 3171 1232 3266; baseline 0.002 -20"><span class='ocrx_word' id='word_1_205' title='bbox 283 3183 346 3246; x_wconf 88' lang='lat' dir='ltr'><strong>lata</strong></span> <span class='ocrx_word' id='word_1_206' title='bbox 364 3194 395 3245; x_wconf 90' lang='lat' dir='ltr'><strong>et</strong></span> <span class='ocrx_word' id='word_1_207' title='bbox 414 3193 528 3266; x_wconf 84' lang='lat' dir='ltr'><strong>sparta,</strong></span> <span class='ocrx_word' id='word_1_208' title='bbox 549 3183 707 3246; x_wconf 87' lang='lat' dir='ltr'><strong>historiam</strong></span> <span class='ocrx_word' id='word_1_209' title='bbox 726 3171 799 3246; x_wconf 88' lang='lat' dir='ltr'><strong>belli</strong></span> <span class='ocrx_word' id='word_1_210' title='bbox 819 3185 943 3248; x_wconf 79' lang='lat' dir='ltr'><strong>Troiani</strong></span> <span class='ocrx_word' id='word_1_211' title='bbox 963 3185 1087 3250; x_wconf 77' lang='lat' dir='ltr'><strong>Punicis</strong></span> <span class='ocrx_word' id='word_1_212' title='bbox 1108 3185 1232 3250; x_wconf 71' lang='lat' dir='ltr'><strong>litanias</strong></span> 
     </span>
     <span class='ocr_line' id='line_1_28' title="bbox 284 3292 1248 3378; baseline 0.006 -24"><span class='ocrx_word' id='word_1_213' title='bbox 284 3293 399 3355; x_wconf 88' lang='lat' dir='ltr'><strong>Gnosio</strong></span> <span class='ocrx_word' id='word_1_214' title='bbox 418 3295 561 3374; x_wconf 86' lang='lat' dir='ltr'><strong>scriptam</strong></span> <span class='ocrx_word' id='word_1_215' title='bbox 581 3292 797 3373; x_wconf 86' lang='lat' dir='ltr'><strong>continuisset;</strong></span> <span class='ocrx_word' id='word_1_216' title='bbox 825 3315 905 3378; x_wconf 86' lang='lat' dir='ltr'><strong>quae</strong></span> <span class='ocrx_word' id='word_1_217' title='bbox 923 3295 1048 3358; x_wconf 88' lang='lat' dir='ltr'><strong>historia</strong></span> <span class='ocrx_word' id='word_1_218' title='bbox 1067 3292 1106 3356; x_wconf 87' lang='lat' dir='ltr'><strong>ad</strong></span> <span class='ocrx_word' id='word_1_219' title='bbox 1131 3293 1248 3360; x_wconf 79' lang='lat' dir='ltr'><strong>Rutiliur</strong></span> 
     </span>
     <span class='ocr_line' id='line_1_29' title="bbox 282 3397 1243 3485; baseline 0.005 -26"><span class='ocrx_word' id='word_1_220' title='bbox 282 3397 371 3477; x_wconf 80' lang='lat' dir='ltr'><strong>firm,</strong></span> <span class='ocrx_word' id='word_1_221' title='bbox 404 3399 513 3460; x_wconf 85' lang='lat' dir='ltr'><strong>Cretae</strong></span> <span class='ocrx_word' id='word_1_222' title='bbox 539 3407 612 3460; x_wconf 89' lang='lat' dir='ltr'><strong>tunc</strong></span> <span class='ocrx_word' id='word_1_223' title='bbox 634 3397 848 3479; x_wconf 84' lang='lat' dir='ltr'><strong>Consularem,</strong></span> <span class='ocrx_word' id='word_1_224' title='bbox 879 3399 1042 3479; x_wconf 72' lang='lat' dir='ltr'><strong>manslata,</strong></span> <span class='ocrx_word' id='word_1_225' title='bbox 1068 3400 1243 3485; x_wconf 86' lang='lat' dir='ltr'><strong>Neronisque</strong></span> 
     </span>
     <span class='ocr_line' id='line_1_30' title="bbox 282 3505 1248 3586; baseline 0.002 -18"><span class='ocrx_word' id='word_1_226' title='bbox 282 3505 394 3568; x_wconf 79' lang='lat' dir='ltr'><strong>Atticis</strong></span> <span class='ocrx_word' id='word_1_227' title='bbox 420 3505 515 3568; x_wconf 87' lang='lat' dir='ltr'><strong>literis</strong></span> <span class='ocrx_word' id='word_1_228' title='bbox 546 3515 749 3586; x_wconf 90' lang='lat' dir='ltr'><strong>commutata,</strong></span> <span class='ocrx_word' id='word_1_229' title='bbox 778 3508 810 3568; x_wconf 90' lang='lat' dir='ltr'><strong>iu</strong></span> <span class='ocrx_word' id='word_1_230' title='bbox 835 3508 982 3570; x_wconf 87' lang='lat' dir='ltr'><strong>Graecam</strong></span> <span class='ocrx_word' id='word_1_231' title='bbox 1011 3506 1212 3570; x_wconf 86' lang='lat' dir='ltr'><strong>bibliothecam</strong></span> <span class='ocrx_word' id='word_1_232' title='bbox 1238 3531 1248 3570; x_wconf 86' lang='lat' dir='ltr'><strong>r</strong></span> 
     </span>
     <span class='ocr_line' id='line_1_31' title="bbox 282 3609 1248 3698; baseline 0.003 -23"><span class='ocrx_word' id='word_1_233' title='bbox 282 3609 395 3679; x_wconf 74' lang='lat' dir='ltr'><strong>luisset.</strong></span> <span class='ocrx_word' id='word_1_234' title='bbox 444 3613 566 3674; x_wconf 84' lang='lat' dir='ltr'><strong>Etenim</strong></span> <span class='ocrx_word' id='word_1_235' title='bbox 587 3611 697 3696; x_wconf 69' lang='lat' dir='ltr'><strong>Dictys</strong></span> <span class='ocrx_word' id='word_1_236' title='bbox 720 3629 831 3676; x_wconf 87' lang='lat' dir='ltr'><strong>nomen</strong></span> <span class='ocrx_word' id='word_1_237' title='bbox 861 3613 1066 3678; x_wconf 79' lang='lat' dir='ltr'><strong>videturesse</strong></span> <span class='ocrx_word' id='word_1_238' title='bbox 1087 3613 1248 3698; x_wconf 81' lang='lat' dir='ltr'><strong>appellativa</strong></span> 
     </span>
     <span class='ocr_line' id='line_1_32' title="bbox 283 3713 1231 3804; baseline 0.006 -24"><span class='ocrx_word' id='word_1_239' title='bbox 283 3719 401 3782; x_wconf 87' lang='lat' dir='ltr'><strong>Gracco</strong></span> <span class='ocrx_word' id='word_1_240' title='bbox 421 3716 575 3800; x_wconf 78' lang='grc' dir='ltr'><strong><em>δείκνυμι,</em></strong></span> <span class='ocrx_word' id='word_1_241' title='bbox 598 3719 681 3782; x_wconf 88' lang='lat' dir='ltr'><strong>unde</strong></span> <span class='ocrx_word' id='word_1_242' title='bbox 701 3713 829 3802; x_wconf 71' lang='grc' dir='ltr'><strong>δεύετης,</strong></span> <span class='ocrx_word' id='word_1_243' title='bbox 855 3716 959 3804; x_wconf 63' lang='grc' dir='ltr'><strong><em>δίκης</em></strong></span> <span class='ocrx_word' id='word_1_244' title='bbox 979 3723 1026 3798; x_wconf 75' lang='lat' dir='ltr'><strong>(ut</strong></span> <span class='ocrx_word' id='word_1_245' title='bbox 1045 3731 1090 3785; x_wconf 89' lang='lat' dir='ltr'><strong>est</strong></span> <span class='ocrx_word' id='word_1_246' title='bbox 1107 3723 1138 3782; x_wconf 87' lang='lat' dir='ltr'><strong>in</strong></span> <span class='ocrx_word' id='word_1_247' title='bbox 1155 3723 1231 3786; x_wconf 87' lang='lat' dir='ltr'><strong>MSS.</strong></span> 
     </span>
    </p>

    <p class='ocr_par' dir='ltr' id='par_1_5' title="bbox 282 3825 1248 4236">
     <span class='ocr_line' id='line_1_33' title="bbox 284 3825 1243 3912; baseline 0.002 -22"><span class='ocrx_word' id='word_1_248' title='bbox 284 3825 379 3912; x_wconf 84' lang='lat' dir='ltr'><strong>Hym.</strong></span> <span class='ocrx_word' id='word_1_249' title='bbox 394 3827 470 3892; x_wconf 85' lang='lat' dir='ltr'><strong>Vll.</strong></span> <span class='ocrx_word' id='word_1_250' title='bbox 488 3827 556 3908; x_wconf 76' lang='lat' dir='ltr'><strong>rii),</strong></span> <span class='ocrx_word' id='word_1_251' title='bbox 578 3833 663 3912; x_wconf 83' lang='lat' dir='ltr'><strong>quasi</strong></span> <span class='ocrx_word' id='word_1_252' title='bbox 680 3831 800 3906; x_wconf 82' lang='lat' dir='ltr'><strong>docens,</strong></span> <span class='ocrx_word' id='word_1_253' title='bbox 814 3829 928 3910; x_wconf 76' lang='lat' dir='ltr'><strong>doctor,</strong></span> <span class='ocrx_word' id='word_1_254' title='bbox 947 3845 1043 3899; x_wconf 82' lang='lat' dir='ltr'><strong>vates.</strong></span> <span class='ocrx_word' id='word_1_255' title='bbox 1084 3831 1198 3896; x_wconf 83' lang='lat' dir='ltr'><strong>Nemnis</strong></span> <span class='ocrx_word' id='word_1_256' title='bbox 1216 3831 1243 3892; x_wconf 91' lang='lat' dir='ltr'><strong>in</strong></span> 
     </span>
     <span class='ocr_line' id='line_1_34' title="bbox 282 3935 1248 4023; baseline 0.002 -25"><span class='ocrx_word' id='word_1_257' title='bbox 282 3937 331 3998; x_wconf 87' lang='lat' dir='ltr'><strong>cia</strong></span> <span class='ocrx_word' id='word_1_258' title='bbox 360 3935 560 4019; x_wconf 84' lang='lat' dir='ltr'><strong>praesentiam</strong></span> <span class='ocrx_word' id='word_1_259' title='bbox 583 3939 718 4021; x_wconf 84' lang='lat' dir='ltr'><strong>captavit</strong></span> <span class='ocrx_word' id='word_1_260' title='bbox 741 3937 869 4000; x_wconf 78' lang='lat' dir='ltr'><strong>mendax</strong></span> <span class='ocrx_word' id='word_1_261' title='bbox 895 3940 995 4021; x_wconf 89' lang='lat' dir='ltr'><strong>operis</strong></span> <span class='ocrx_word' id='word_1_262' title='bbox 1015 3940 1158 4023; x_wconf 76' lang='lat' dir='ltr'><strong>scriptore</strong></span> <span class='ocrx_word' id='word_1_263' title='bbox 1186 3939 1248 4021; x_wconf 71' lang='lat' dir='ltr'><strong>impr</strong></span> 
     </span>
     <span class='ocr_line' id='line_1_35' title="bbox 282 4039 1248 4118; baseline 0.003 -15"><span class='ocrx_word' id='word_1_264' title='bbox 282 4039 454 4106; x_wconf 86' lang='lat' dir='ltr'><strong>adstructus</strong></span> <span class='ocrx_word' id='word_1_265' title='bbox 477 4052 523 4108; x_wconf 85' lang='lat' dir='ltr'><strong>cst</strong></span> <span class='ocrx_word' id='word_1_266' title='bbox 551 4043 615 4106; x_wconf 87' lang='lat' dir='ltr'><strong>eius</strong></span> <span class='ocrx_word' id='word_1_267' title='bbox 637 4043 813 4106; x_wconf 87' lang='lat' dir='ltr'><strong>Consularis</strong></span> <span class='ocrx_word' id='word_1_268' title='bbox 835 4042 967 4106; x_wconf 81' lang='lat' dir='ltr'><strong>Rutilius</strong></span> <span class='ocrx_word' id='word_1_269' title='bbox 991 4045 1105 4118; x_wconf 67' lang='lat' dir='ltr'><strong>Rufius,</strong></span> <span class='ocrx_word' id='word_1_270' title='bbox 1130 4048 1205 4110; x_wconf 89' lang='lat' dir='ltr'><strong>cuius</strong></span> <span class='ocrx_word' id='word_1_271' title='bbox 1222 4067 1248 4108; x_wconf 75' lang='lat' dir='ltr'><strong>nt</strong></span> 
     </span>
     <span class='ocr_line' id='line_1_36' title="bbox 282 4148 1248 4236; baseline 0 -24"><span class='ocrx_word' id='word_1_272' title='bbox 282 4159 314 4212; x_wconf 87' lang='lat' dir='ltr'><strong>ct</strong></span> <span class='ocrx_word' id='word_1_273' title='bbox 336 4148 490 4234; x_wconf 69' lang='lat' dir='ltr'><strong>dignitatis</strong></span> <span class='ocrx_word' id='word_1_274' title='bbox 525 4149 617 4213; x_wconf 89' lang='lat' dir='ltr'><strong>homo</strong></span> <span class='ocrx_word' id='word_1_275' title='bbox 644 4153 747 4215; x_wconf 83' lang='lat' dir='ltr'><strong>nescio</strong></span> <span class='ocrx_word' id='word_1_276' title='bbox 767 4171 806 4214; x_wconf 84' lang='lat' dir='ltr'><strong>au</strong></span> <span class='ocrx_word' id='word_1_277' title='bbox 830 4151 889 4213; x_wconf 88' lang='lat' dir='ltr'><strong>hoc</strong></span> <span class='ocrx_word' id='word_1_278' title='bbox 916 4163 1050 4236; x_wconf 85' lang='lat' dir='ltr'><strong>ternpore</strong></span> <span class='ocrx_word' id='word_1_279' title='bbox 1077 4153 1211 4215; x_wconf 77' lang='lat' dir='ltr'><strong>increta</strong></span> <span class='ocrx_word' id='word_1_280' title='bbox 1237 4153 1248 4212; x_wconf 86' lang='lat' dir='ltr'><strong>l</strong></span> 
     </span>
    </p>
   </div>
   <div class='ocr_carea' id='block_1_3' title="bbox 0 0 1357 4688">
    <p class='ocr_par' dir='ltr' id='par_1_6' title="bbox 0 0 1357 4688">
     <span class='ocr_line' id='line_1_37' title="bbox 0 0 1357 4688; baseline 0 0"><span class='ocrx_word' id='word_1_281' title='bbox 0 0 1357 4688; x_wconf 95' lang='lat' dir='ltr'><strong> </strong></span> 
     </span>
    </p>
   </div>
  </div>
 </body>
</html>
