2808 4686
121 1184 614 1292 GLOSSARIUM
681 1203 1209 1312 SEPTIMIANUM

653 1409 694 1448 11)

459 1539 617 1600 mnium
646 1541 871 1622 Qunmuu.

593 1719 764 1739 *m—

208 2031 231 2092 1.
254 2031 359 2092 animo
375 2069 413 2081 -
429 2033 570 2098 haeserat
577 2080 588 2110 ‚
611 2035 696 2098 nulla
715 2045 780 2124 spe)
802 2039 913 2102 Animo
932 2043 1061 2106 haerere
1081 2069 1156 2130 pro,
1179 2049 1210 2110 in

122 2132 252 2210 animo,
275 2131 360 2193 haud
381 2134 553 2216 infrequens
578 2134 721 2220 loquendi
743 2139 871 2200 formula
906 2153 962 2204 est.
985 2165 1015 2210 v.
1038 2145 1210 2230 Wopkens.

122 2252 156 2314 p.
174 2232 238 2314 693
261 2232 346 2299 cort.
366 2231 405 2294 od
430 2233 504 2300 San.
528 2236 593 2319 lug.
613 2258 662 2319 27.
686 2257 710 2298 ι.
733 2237 840 2322 Aeque
862 2253 963 2303 noster
987 2244 1045 2307 111.
1071 2245 1116 2326 14.
1138 2251 1211 2310 ani-

122 2353 174 2395 mo
196 2354 297 2414 gcmre
325 2335 434 2417 proin
455 2334 566 2398 animo.
616 2335 715 2397 ΝιιΙΙα
732 2359 807 2421 spe,
831 2339 897 2400 scil.
918 2341 977 2401 sibi
1000 2341 1088 2406 tacu.
1129 2347 1211 2408 Insco

122 2453 153 2492 c.
182 2453 228 2493 ια.
252 2453 305 2518 spc
327 2435 448 2520 reliqua
472 2433 649 2496 resistendi.
684 2435 751 2499 [ἰν.
779 2437 894 2498 XXVI.
919 2439 968 2520 39.
988 2462 1042 2524 spc
1064 2463 1213 2505 commea-

121 2543 168 2594 tus
194 2553 306 2618 quoquc
332 2535 461 2594 hostibus
488 2569 529 2581 —
549 2535 773 2597 interclusuros.
787 2535 839 2597 ubi
861 2558 892 2599 v.
913 2539 1097 2605 Gronovius.
1116 2541 1212 2604 Tacit

125 2631 208 2697 ssiu.
230 2635 255 2698 1.
285 2629 336 2716 78.
360 2653 414 2716 spe
435 2631 563 2714 vulgum
584 2633 762 2694 adlicicrzdi.

210 2733 359 2796 Hectoris
374 2731 497 2814 femere)
543 2733 627 2794 Infra
643 2757 651 2795 s
670 2748 827 2820 postrema
836 2737 950 2816 suncri
964 2755 1131 2821 peragunt.
1141 2741 1210 2810 Lm.

123 2834 178 2896 111.
200 2854 250 2915 ²7·
274 2837 308 2894 iu
338 2835 516 2912 gratiamne
543 2835 698 2916 impetrati
708 2834 849 2911 functis.
879 2847 909 2896 et
927 2857 1016 2918 saepe
1038 2849 1139 2901 noster
1148 2842 1210 2920 jic-

122 2952 180 2992 mss
201 2953 256 3014 pro
280 2933 439 2997 cadavere.
481 2931 614 2997 Pernaco
634 2934 676 2992 sic
698 2931 868 3013 loquuntur
888 2937 1026 3018 antiqui,
1056 2959 1091 2998 ex
1115 2943 1211 3021 poetis

120 3041 224 3092 sutem
244 3031 407 3093 admodum
430 3031 602 3113 frequenter
626 3033 814 3114 posteriores.
836 3033 977 3097 Valerius
998 3035 1108 3098 Antias
1128 3039 1210 3122 apud

120 3131 203 3194 Gell.
224 3135 277 3196 VI.
297 3155 328 3216 9.
349 3145 423 3196 extr.
433 3134 552 3210 sunerc
583 3133 688 3193 locato
720 3131 899 3210 adsorum.
942 3137 1067 3199 Sueton.
1091 3139 1209 3207 Domit.

120 3233 169 3300 15.
191 3235 309 3295 dciccto
330 3235 462 3312 sunere.
494 3231 547 3290 ubi
579 3231 619 3296 os,
650 3231 849 3314 Oudendorp.
907 3233 955 3294 Ut
975 3237 1140 3316 Septimio,
1163 3241 1205 3300 sic

118 3338 212 3398 etism
224 3333 356 3418 Apuleio
378 3333 434 3392 ista
455 3331 630 3413 significatio
651 3329 805 3392 familiaris
827 3343 881 3398 est.
904 3336 1074 3402 Menum.
1095 3360 1124 3418 p.
1136 3339 1206 3404 523.

103 3437 206 3516 ‚sunus
227 3469 264 3482 -
286 3435 466 3518 producitur
497 3431 545 3492 ad
569 3431 760 3514 sepulturam.
790 3431 864 3497 Meu
886 3431 939 3501 lv.
960 3456 992 3518 p.
1013 3433 1083 3514 514.
1103 3438 1208 3498 vivunt

115 3536 300 3624 prodicitur
308 3533 415 3616 sunm.
437 3519 468 3592 ct
487 3529 571 3593 olibi.

190 3633 421 3718 foedantesquc
444 3653 501 3692 ora
520 3627 699 3706 laniatibus)
749 3627 858 3712 virgil.
880 3628 959 3693 Aen.
981 3629 1037 3692 lv.
1059 3629 1132 3716 673.
1151 3655 1209 3696 ora

116 3737 265 3818 unguibus
275 3731 426 3816 foedare.

203 3837 238 3897 in
259 3856 292 3896 sc
313 3833 438 3894 virtutis
459 3843 514 3891 aut
527 3829 591 3914 spei
605 3829 703 3889 bonae
719 3826 875 3912 fiduciam
895 3827 1029 3906 credere)
1059 3831 1079 3889 i.
1106 3853 1133 3895 c.
1152 3851 1208 3892 ne-

116 3956 177 4020 que
200 3935 360 4018 quisquam
382 3940 512 4014 putare,
534 3949 588 3990 sua
609 3949 640 3987 se
661 3927 774 3989 virtuto
793 3926 903 4005 fidere,
926 3927 1100 4010 bonamque
1123 3951 1207 4012 spem

117 4040 151 4099 in
175 4057 240 4100 sese
261 4055 377 4118 ponere
397 4051 511 4116 posse,
536 4029 693 4090 interfecto
716 4027 870 4108 Hectore,
899 4029 1015 4112 inquo
1037 4051 1141 4090 omnes
1164 4029 1207 4091 si·

117 4147 169 4202 tae
196 4158 264 4219 spes
294 4146 385 4217 atque
416 4153 498 4214 opes.
548 4129 743 4190 constructio
764 4125 946 4188 Sallustiana
968 4138 1022 4190 est.
1064 4127 1131 4192 Cat.
1157 4153 1204 4216 ¹9·

115 4242 191 4326 qsu'a
213 4237 288 4302 boni
315 4235 502 4322 quantotius-s
529 4229 718 4316 praesidium
742 4227 776 4290 in
799 4248 835 4290 co
852 4228 1017 4312 putabant.
1066 4229 1133 4299 Cot.
1154 4229 1206 4312 45.
