2726 4686
60 1217 61 1226 ψ
168 1135 1281 1274 δοιαΤΥεοΒΕΤΕΝει

628 1379 935 1445 EPHEMERIDOS

427 1513 1175 1650 nnnnrruoraur

673 1766 773 1822 clena
793 1765 930 1824 PRIMUS.

738 1927 886 1942 Μ

326 2181 357 2257 1.
405 2147 568 2257 Cuncti
593 2205 715 2284 reges,
739 2177 826 2284 qui,
850 2175 993 2256 Minois
1015 2175 1103 2254 Iove
1123 2175 1242 2279 geniti
1264 2205 1305 2282 pr

252 2269 438 2402 nepotes,
453 2295 637 2373 Graeciae
653 2293 948 2404 imperitabant,
974 2291 1025 2368 ad
1047 2291 1271 2369 dividendas
1294 2293 1305 2365 i

252 2429 372 2489 terre
399 2412 504 2490 Atrei
531 2439 620 2518 opes
640 2414 792 2490 Cretam
816 2437 1039 2490 convenere.
1088 2415 1227 2488 Atreus
1245 2438 1304 2486 nar

252 2555 331 2636 qne
367 2555 415 2606 ex
452 2529 605 2622 Minoe,
632 2549 840 2638 ,postrema
886 2555 956 2607 sua
993 2526 1211 2620 ordinans,
1238 2527 1304 2630 qui

252 2644 353 2753 quid
375 2647 464 2724 auri
489 2665 607 2750 atque
631 2649 798 2751 argenti,
825 2671 1010 2753 pecorum
1033 2645 1151 2722 etiam
1174 2643 1261 2732 fuit,
1288 2671 1304 2718 r

252 2765 426 2873 potibus,
452 2791 549 2869 quos
572 2763 675 2841 filiae
699 2780 930 2868 genuerant,
961 2788 1008 2839 ex
1032 2787 1145 2866 aequo
1179 2757 1304 2835 divido

252 2879 349 2958 dum
361 2882 581 2986 reliquerat,
601 2898 757 2987 excepto
777 2878 979 2958 civitatum
998 2897 1264 2980 terrarumque
1282 2877 1304 2950 ir

253 2996 384 3104 perio:
404 2996 500 3073 haec
517 2999 665 3104 quippe
686 2996 914 3075 Idomeneus
932 3023 1025 3076 cum
1038 2994 1222 3085 Merione,
1248 2995 1303 3068 De

252 3111 415 3189 calionis
439 3111 677 3204 Idomeneus,
702 3116 802 3192 alter
824 3115 932 3203 Moii,
958 3115 1063 3191 iussu
1082 3113 1165 3188 eius
1182 3138 1303 3188 seorsu

252 3229 435 3307 habuere.
496 3230 718 3308 Convenere
734 3204 873 3309 'autem
896 3233 1103 3338 Clymenae
1129 3247 1169 3305 et
1191 3230 1303 3334 Naup

286 3513 308 3570 1.
325 3515 459 3571 Atrei-
478 3515 589 3586 Aerem)
624 3515 710 3588 Quod
728 3525 821 3571 contra
840 3517 975 3573 ilbrorurn
993 3517 1076 3572 fidem
1094 3518 1234 3588 rescripsit
1244 3517 1302 3568 Mer

252 3603 299 3640 rus
320 3587 413 3641 Cretei
428 3615 466 3630 -
484 3590 613 3652 mersus,
642 3589 774 3660 quodque
787 3589 892 3659 placuit
911 3592 1006 3642 Annae
1024 3589 1155 3642 Docerins
1172 3596 1201 3641 et
1213 3587 1301 3644 Munk

252 3656 288 3710 ad
307 3655 404 3726 Hygin.
423 3657 480 3711 iob.
499 3675 550 3718 ta..
568 3675 660 3732 neque
679 3661 783 3730 sprevit
803 3663 970 3714 burmannus
996 3659 1032 3712 ari
1056 3661 1130 3717 Veli.
1149 3659 1202 3711 Pat
1223 3663 1242 3712 1.
1269 3677 1290 3712 r.

253 3736 328 3782 recia
350 3728 403 3782 boc
419 3728 558 3783 damnarit
574 3729 712 3784 Mcnrsins
733 3731 804 3784 Cret.
823 3733 868 3784 ΙΙΙ.
889 3735 913 3786 3.
931 3749 958 3801 p.
980 3734 1054 3784 rib:
1072 3731 1121 3784 ted
1139 3739 1168 3784 et
1186 3733 1267 3788 huic.
1286 3746 1302 3780 o

252 3797 376 3852 bendum
397 3800 547 3854 affirmanti
567 3804 664 3855 Carrei
684 3831 715 3846 -
736 3804 868 3866 Correus,
886 3801 932 3854 bic
949 3803 1004 3855 loci
1025 3801 1199 3854 subscribere
1217 3819 1302 3870 nonp

252 3887 322 3924 anm.
359 3869 438 3924 Licet
460 3871 535 3924 enim
560 3889 655 3924 rerum
680 3875 763 3926 huius
786 3875 857 3942 regis
881 3889 982 3928 nomen
1008 3873 1081 3942 apud
1105 3873 1249 3925 Cretenses
1269 3873 1302 3924 fn

255 3942 374 3996 earnm
388 3941 456 4010 (vid.
475 3941 600 3995 Obrecht
617 3939 652 3996 ari
671 3945 699 3997 ir.
716 3947 751 4006 i.,
772 3946 859 4011 iieyn.
877 3944 912 3996 nri
933 3943 1060 4011 Apollod.
1082 3943 1163 3998 itta.
1174 3961 1208 4005 n„
1226 3943 1302 4012 Syibr

253 4011 290 4066 ad
309 4011 424 4071 Parum.
445 4013 518 4071 vm.
544 4015 587 4068 53.
606 4016 636 4068 in
655 4016 717 4068 Not
739 4015 773 4066 ad
793 4015 915 4068 Amaitaei
933 4031 1002 4068 vrrs.
1023 4015 1078 4066 Lat.
1099 4033 1127 4084 p.
1147 4015 1235 4085 qao),
1261 4021 1302 4064 tan

254 4084 377 4136 omnium
396 4083 482 4138 codo.
509 4090 538 4137 ei
558 4083 623 4138 criti.
643 4093 707 4136 vrit.
728 4084 810 4138 lectio
832 4087 911 4138 Atrei
933 4113 963 4125 -
983 4088 1082 4139 Atreus
1101 4085 1167 4137 satis
1188 4103 1302 4155 compro,

253 4159 300 4208 rur
319 4156 505 4224 argumentis,
534 4171 605 4228 quac
631 4156 769 4228 disposuit
785 4155 946 4214 wolckerus
964 4155 1068 4227 Triiog.
1088 4173 1117 4226 p.
1140 4157 1196 4211 rio.
1214 4165 1273 4216 not.
1296 4175 1301 4210 t

255 4233 284 4278 et
302 4224 360 4278 inti.
378 4243 404 4280 r.
425 4224 576 4300 Κατρεύς.4
