2766 4690
407 327 682 382 umutvsrrottes
708 284 746 382 tn
773 331 837 380 un.
865 331 891 380 t.
1126 307 1196 380 tot

102 518 144 580 il.
168 513 216 585 15.
256 515 340 584 bonu
361 515 550 602 Agapenoris
569 517 737 602 Euripides
764 518 832 602 lpb.
860 517 931 583 Aul.
963 517 1035 582 268.
1066 515 1200 600 Agame-

101 619 212 678 rnnoni
242 617 381 701 adiungit
401 621 531 681 amicum
552 619 729 696 Adrastum,
749 617 876 680 Muluius
895 617 1021 701 triginta
1040 637 1134 678 neres
1154 613 1200 689 sic

101 709 199 794 λόγον
216 715 401 800 α’ποπρυφῆς
422 719 486 780 noir
504 718 735 799 στρατοπέδων.
776 719 839 797 Qui
865 717 943 778 inira
967 739 984 778 a
1005 715 1115 778 Maiela
1138 736 1196 778 uo-

101 817 264 877 miuantur
277 807 428 900 'Ayrirup
459 817 515 880 aas*
542 816 698 898 Teutit'drye
719 811 780 879 asin
796 809 949 896 νηνσίνξ
972 817 1070 896 (Lx),
1093 816 1126 878 in
1147 814 1197 878 his

99 913 260 978 Bentleiue
286 919 318 978 iu
339 919 436 1000 Epist.
458 917 497 979 ad
522 917 654 978 Miliium
675 939 707 999 p.
730 913 782 1000 74.
815 916 946 995 (adiecta
969 915 1098 978 Meieiae
1121 915 1196 978 cht-

100 1016 226 1093 meaidi)
248 1015 345 1080 latere
364 1027 452 1101 putat
471 1012 525 1078 ndu
543 1008 751 1095 Ἀγαπήνορα
769 1013 804 1076 ἐκ
820 1015 944 1096 Τεγέης.
965 1015 1090 1097 Agenor
1111 1025 1197 1078 certe

100 1117 316 1201 corrumpitur
336 1139 371 1180 ex
390 1118 572 1201 Agapenor5
597 1116 715 1176 Teuthis
735 1125 836 1176 autem
858 1125 939 1176 recte
959 1136 992 1176 se
1011 1116 1130 1178 babere
1148 1119 1196 1178 vi·
1314 1195 1318 1206 ⁴

101 1217 215 1294 detur,
254 1237 344 1300 ‹prem
370 1217 460 1278 etiam
491 1216 657 1278 Pausanias
686 1215 825 1278 exhibeat
852 1216 925 1296 (vid.
951 1215 991 1278 ad
1019 1216 1072 1276 iin.
1103 1214 1206 1278 buius¹

99 1319 193 1400 capi.
236 1316 449 1398 Agapenorem
477 1325 510 1378 et
537 1315 745 1392 Teutbidem,
772 1327 936 1400 utrumque
958 1314 1114 1376 Arcadum
1135 1313 1195 1376 du·

99 1439 190 1494 cem,
222 1414 369 1497 Maielas,
402 1417 503 1478 nescio
532 1435 623 1500 quum
657 1425 778 1478 secutus
802 1427 978 1494 auctorem,
1003 1416 1192 1498 composuit,

100 1517 295 1600 eundemque
314 1519 352 1580 iis
381 1518 493 1579 tribuit
521 1519 646 1578 nuvium
671 1537 853 1596 numerum,
875 1537 967 1599 quem
992 1515 1142 1578 Homerus
1162 1525 1194 1580 et

100 1627 173 1700 post
206 1639 278 1679 eum
308 1615 356 1681 vei
377 1617 499 1701 plurimi
532 1615 588 1678 soli
616 1616 801 1699 Agapenori.
833 1645 873 1662 ·-
908 1613 1000 1696 Apud
1026 1615 1193 1678 Heariuum

99 1716 265 1798 Acapader
294 1719 327 1795 (i.
355 1735 384 1782 e.
416 1715 615 1800 Agapenor),
655 1735 708 1776 rot
740 1715 944 1799 Capadiuuis,
983 1735 1078 1778 naves
1108 1714 1193 1779 duait

99 1817 280 1880 Lxxttx.

184 1915 297 1978 Nestor
315 1917 493 1997 masagium)
555 1913 645 1978 Hom.
670 1913 751 1992 6023
789 1914 928 1997 Hygia,
949 1913 1052 1977 bialul.
1096 1913 1192 1998 Apud

99 2017 247 2080 Daretem
263 2015 350 2077 ducit
375 2017 540 2099 automata.
593 2013 729 2092 „Nescio
751 2015 789 2076 de
809 2017 896 2076 euius
918 2015 1002 2077 fatali
1022 2016 1132 2078 incude
1155 2035 1192 2078 ert

100 2119 236 2180 Nestoris
258 2117 390 2178 urbibus
408 2117 622 2200 ’Apptysru'u
646 2126 676 2177 et
698 2110 843 2188 Πτελεός
865 2116 895 2176 in
918 2116 1059 2178 Maiciam
1080 2119 1193 2178 transi·

98 2217 195 2281 luerit
215 2217 305 2280 beros
323 2217 449 2278 nomine
467 2206 697 2298 Ἀμφιγενεώς
719 2213 753 2290 ἐξ
771 2210 864 2276 ’diebu
885 2209 946 2276 oria
963 2217 1076 2296 aquaist
1093 2210 1141 2294 pr'
1152 2221 1191 2292 ,“

100 2321 145 2380 ait
165 2315 265 2380 Beati.
297 2317 337 2378 ad
360 2315 438 2382 Mitt.
462 2337 494 2399 p.
521 2315 572 2400 75.
625 2315 776 2377 Fuobsius
800 2317 927 2394 Quaest.
949 2339 978 2397 p.
1001 2337 1051 2399 72.
1068 2313 1192 2398 Ἀμφι-

99 2417 222 2499 γενοιάς
240 2416 276 2480 ist
291 2408 387 2480 Ἰλίου
410 2425 593 2498 corruptum
611 2435 676 2476 esse
701 2414 777 2476 dicit
797 2437 833 2476 ax
846 2411 933 2486 Αἴας
958 2415 1092 2494 octena
1113 2415 1192 2478 iilud

101 2529 202 2581 autem
225 2514 401 2600 Ἀμφιγὲν,
435 2513 624 2598 superfluum
654 2514 847 2594 adhaerens,
877 2515 961 2576 aliud
988 2517 1083 2576 nescit
1105 2515 1192 2597 quod

101 2639 212 2680 nomen
233 2617 368 2700 obtegat.
408 2615 480 2676 Non
501 2617 685 2698 cogitaverat
706 2617 755 2674 vir
775 2614 898 2690 doctus,
920 2615 980 2674 ium
999 2615 1192 2676 nominatam

100 2719 223 2782 musea
245 2717 356 2780 Malaia
379 2715 504 2778 Aiacem
526 2715 663 2776 Oileum.
712 2715 829 2776 Eadem
851 2723 955 2789 sorte,
977 2734 1038 2796 qun
1063 2714 1192 2778 litaleiae

98 2819 167 2880 ioco
187 2839 222 2879 ex
244 2819 330 2880 urbis
360 2817 484 2877 nomine
504 2815 602 2876 fautus
634 2825 681 2876 est
705 2814 812 2891 beros,
833 2814 864 2872 in
886 2813 1022 2894 Septimii
1045 2815 1133 2876 MSS.
1154 2837 1190 2877 ex

98 2913 200 2980 insula
220 2917 393 2978 Dulichium
414 2917 512 2978 evasit
531 2914 580 2975 vir
600 2913 779 2990 Dub'cbiur,
816 2923 909 2996 atque
928 2915 959 2974 iu
980 2913 1103 2976 Heariei
1122 2916 1189 2984 MS.

98 3015 208 3080 Nestor
227 3027 258 3079 et
279 3016 360 3078 Piiio
386 3017 471 3098 (prot
493 3015 605 3078 Nestor
624 3035 660 3074 ex
680 3013 770 3096 Pylo)
794 3013 910 3074 ducunt
935 3035 1027 3078 naves
1051 3015 1146 3084 LXX.

181 3116 342 3178 Marciaue
359 3149 394 3162 -
416 3115 587 3196 sexaginta)
630 3113 722 3180 Hom.
744 3113 826 3195 5873
848 3112 973 3193 Melet,
993 3115 1100 3186 Dares.
1123 3118 1190 3182 No·

97 3219 223 3300 aagmta
242 3227 358 3298 septem
378 3214 485 3275 tribuit
506 3215 667 3298 Hyginus,
690 3213 836 3282 ‘iuuentus
856 3215 1018 3278 Heuticus.
1038 3247 1082 3264 ·-
1102 3220 1192 3282 Mne·

95 3318 195 3378 etheree
217 3347 256 3363 ·-
280 3317 508 3400 qunquaginta)
559 3315 647 3376 Hom.
678 3311 761 3391 5563
799 3311 922 3392 malet,
947 3317 1056 3384 Dares.
1097 3321 1189 3381 Sexa-

97 3417 183 3499 ginta
212 3415 322 3478 tribuit
350 3415 516 3496 Euripides
535 3415 601 3496 lpb.
623 3411 697 3478 Aul.
710 3411 782 3497 247.
805 3413 944 3498 Hyginus
965 3419 1030 3478 cius
1050 3419 1082 3478 in
1108 3429 1194 3480 eata-

95 3514 167 3598 iago
188 3535 251 3577 uun
264 3514 426 3576 meminit:
448 3513 503 3576 sed
516 3515 556 3582 ci.
578 3513 704 3582 Monuit.
722 3513 762 3574 ad
783 3515 877 3576 verba
886 3517 1129 3600 Menaocfilius.
1148 3549 1190 3566 --

93 3615 273 3701 Elephenor·
292 3647 330 3662 -
348 3614 560 3699 quadringinta)
603 3614 675 3681 Vid.
695 3624 752 3676 not
771 3635 815 3682 cr.
858 3616 951 3697 Apud
977 3618 1086 3699 Hygia.
1105 3616 1192 3679 ducit

93 3716 243 3798 triginta,
265 3715 348 3799 apud
371 3711 474 3776 Malui.
493 3716 656 3798 sexaginta.
679 3715 778 3776 Dares
796 3735 865 3776 eum
887 3715 1016 3798 ignorat.
1038 3749 1075 3764 -
1100 3716 1191 3777 Aiax

99 3815 165 3877 ret.
189 3851 222 3864 -
245 3816 416 3894 duodecim)
463 3814 554 3876 Hom.
586 3815 672 3898 5573
696 3815 803 3898 Earip.
830 3815 899 3898 tph.
921 3815 993 3882 Aul.
1018 3815 1100 3892 28‘33
1125 3816 1191 3897 ily-

95 3917 161 4000 gin.
187 3915 283 3998 Apud
305 3915 410 3981 Malei.
431 3915 517 3977 ducit
537 3915 742 3999 quadraginta
765 3915 843 3977 Aiax
860 3935 931 3978 suat
941 3916 1062 3978 Teucro
1081 3917 1194 3996 fratre,

96 4015 343 4099 Amphimacbo,
372 4017 484 4090 Diore,
522 4014 679 4097 Thaipio,
717 4014 883 4098 Polyxena.
939 4017 1034 4101 Apud
1065 4015 1192 4084 tienne.

95 4113 185 4178 Aiaci
204 4114 274 4182 Tei.
301 4115 513 4202 adiunguntur
537 4113 653 4178 Cutius
682 4125 713 4177 et
734 4115 872 4199 Epistros
889 4117 921 4196 (i.
942 4138 972 4179 e.
991 4115 1141 4182 Sebedius
1158 4127 1193 4182 et
