2726 4686
232 359 314 429 62·
601 331 732 424 {nimus
758 373 935 428 cumensis

229 594 319 646 nuru
344 567 463 674 Cycni
495 569 629 643 nutrix
654 563 958 652 memorabatur,
989 559 1101 640 nullo
1124 560 1314 640 resistente

232 685 411 774 invasere,
438 701 559 786 atque.
576 685 704 787 ignem
720 681 908 759 subiicere
928 705 1097 786 coepere,
1123 680 1220 756 cives
1237 678 1316 752 citu

234 800 367 875 multis
384 798 570 902 precibus
586 799 831 900 lacrimisque
850 821 971 887 orare,
996 797 1055 872 uti
1075 796 1124 882 ab
1144 797 1316 899 incoepto

235 913 474 1010 desisterent3
500 941 570 1020 per
595 916 724 991 omnia
748 915 920 989 bumana
943 932 1060 1017 atque
1086 913 1216 994 divina
1236 911 1315 986 nixi

231 1031 393 1132 genibus
425 1031 687 1137 deprecantes,
720 1057 766 1108 ne
792 1029 929 1105 delicta
948 1034 1105 1131 pessimi
1126 1029 1235 1104 ducis
1266 1033 1315 1100 oi·

231 1151 386 1221 edamus
419 1151 614 1223 innoxiam
647 1163 683 1223 et
711 1149 825 1249 paulo
855 1163 942 1247 post
964 1144 1091 1244 fidam
1120 1143 1195 1220 sibi
1217 1147 1314 1220 luere

227 1277 452 1361 paterentur.
503 1266 586 1340 Hoc
616 1263 731 1341 modo
764 1287 834 1370 per
859 1259 1142 1338 miserationem
1173 1281 1314 1336 servata

230 1379 372 1454 civitas.
431 1381 610 1458 Ceterum
636 1381 758 1484 regios
782 1403 937 1484 pueros,
972 1377 1097 1456 Cobin
1121 1393 1161 1452 et
1181 1377 1312 1452 Coria·

230 1519 351 1568 anum
384 1519 597 1599 eorumque
627 1521 794 1572 sororem
827 1495 1018 1578 Glaucen,
1052 1491 1315 1598 expetentibus

232 1610 388 1687 Graecis
423 1611 632 1688 tradidere:
671 1639 791 1716 quam
822 1611 942 1688 nostri
976 1608 1085 1686 Aiaci
1122 1609 1171 1686 ob
1201 1607 1314 1686 fortia

230 1725 331 1803 tacu
354 1727 453 1820 eius,
479 1746 674 1833 exceptam
700 1729 874 1830 reliquae
897 1725 1070 1833 praedae,
1098 1723 1312 1801 habendam

231 1841 458 1920 concedunt.
509 1848 643 1950 Neque
668 1846 792 1922 multo
820 1864 906 1952 post
928 1841 1203 1921 Neandrienses
1226 1867 1313 1945 sup-

223 2047 297 2108 sin,
317 2061 370 2096 una
394 2061 428 2098 ex
448 2053 554 2113 septem
572 2043 704 2108 urbibus,
723 2061 791 2116 ques
812 2043 914 2104 Achilli
932 2044 1095 2115 promiserat
1112 2045 1309 2113 Agamemnon,

223 2123 305 2169 antea
326 2125 422 2170 vocata
441 2113 595 2179 Πήδασος,
613 2113 732 2169 testibus
751 2115 843 2172 strab.
863 2116 934 2168 Vlli-
953 2132 981 2186 p.
1003 2117 1063 2184 248.
1081 2113 1126 2168 ‘ed
1148 2113 1264 2171 Casaub.
1284 2121 1312 2164 et

222 2189 275 2240 Ios.
295 2185 393 2238 Gener.
424 2203 450 2256 p.
469 2189 512 2246 56.
536 2187 653 2256 Scriptt.
680 2187 738 2253 1³5⁷.
765 2187 845 2246 'l'cm.
871 2187 963 2240 XXlll.
999 2186 1039 2238 Ex
1064 2187 1176 2238 Prusae.
1203 2183 1235 2239 X.
1266 2185 1312 2250 ti,

214 2257 314 2310 'Slrsb
334 2257 403 2308 Xlll.
423 2274 448 2325 p.
467 2259 528 2326 415,
546 2259 652 2310 Conon.
678 2257 784 2309 Narrat.
807 2263 854 2320 28,
883 2256 982 2326 Nepet.
1001 2255 1077 2307 Paus.
1098 2257 1133 2318 3,
1158 2255 1206 2326 qui
1226 2253 1312 2321 Cycni

224 2327 321 2380 urbem
344 2327 466 2380 Celonas
484 2336 599 2392 vocant,
627 2343 745 2398 prorum
762 2335 835 2382 esset
858 2328 992 2396 corrigere
1011 2326 1214 2380 Coloneass'uns.
1259 2325 1312 2376 Ve-

149 2445 154 2456 ,
224 2415 283 2450 rum
303 2397 378 2450 euim
395 2413 459 2450 vero
476 2398 547 2450 nihil
563 2400 662 2450 certius
677 2415 746 2462 esse,
764 2415 847 2470 quam
859 2415 920 2450 cum
933 2397 1053 2450 Pariana.
1070 2397 1139 2448 Diss.
1156 2395 1181 2462 §.
1194 2394 1308 2448 xxxix.

225 2468 309 2522 scribi
330 2467 436 2522 debaro
446 2457 681 2523 mandeburdam
705 2468 760 2538 (ecl
776 2467 1008 2524 Neandrensium.
1034 2467 1105 2518 Sunt
1126 2468 1198 2517 enirn
1217 2465 1307 2518 Near-

224 2538 304 2609 δρεῖς
330 2537 405 2610 apud
434 2539 556 2609 Xenoph.
585 2539 656 2592 ttett
682 2539 726 2590 ΙΙΙ.
749 2557 770 2593 r.
797 2541 843 2602 ¹3,
874 2539 922 2610 qui
945 2535 1113 2606 Neardostic
1137 2543 1306 2590 vocantura

223 2611 313 2664 Strab.
333 2611 404 2662 xttt.
423 2627 448 2679 p.
469 2611 554 2680 606.)‚
571 2625 586 2660 a
604 2606 751 2664 Neandria
769 2611 812 2662 vel
826 2607 972 2671 Naandro,
991 2607 1106 2660 Troadis
1126 2606 1211 2670 urbe,
1232 2611 1308 2675 patet

222 2697 257 2734 ca
275 2679 388 2744 Maleum
413 2681 480 2751 qui,
499 2697 559 2734 curn
579 2682 608 2732 in
629 2696 735 2744 rerum,
753 2697 824 2752 quae
839 2679 885 2732 hic
903 2673 1065 2742 narrantur,
1094 2677 1190 2732 ordine
1214 2691 1308 2746 presse

222 2761 355 2824 sequatur
374 2753 490 2818 Dictyn,
510 2770 538 2823 p.
560 2753 614 2819 sad.
637 2751 677 2803 sic
696 2753 801 2820 pergit:
820 2755 879 2804 Kal
897 2747 1005 2806 εὐθέως
1023 2747 1185 2818 ἐξώρμησεν
1203 2747 1219 2799 d
1236 2749 1306 2798 Aso-

221 2821 327 2896 μὴδης,
352 2827 401 2874 rai
418 2821 638 2943 napalnppa'ses
654 2809 706 2886 cdv
724 2821 812 2874 πόλιν
829 2823 883 2876 rosi
901 2817 991 2872 edroi
1008 2820 1127 2872 Κύκνου
1142 2817 1309 2889 areopagon,

223 2891 276 2958 asir
305 2896 384 2946 Νέαν
404 2889 456 2946 'Ar
476 2909 543 2965 pov,
575 2893 623 2944 scal
649 2887 701 2956 asir
727 2892 827 2962 χώραν
852 2891 939 2956 αὐτῆς
962 2887 1114 2958 πραιδεὺει
1134 2905 1160 2940 κ.
1178 2906 1200 2940 r.
1220 2889 1246 2942 λ.
1275 2887 1308 2936 cl.

223 2963 340 3018 Cedrcn.
366 2981 391 3032 p.
420 2963 477 3018 sos.
522 2961 651 3015 Eiusdem
678 2961 755 3016 urbis
780 2963 902 3016 Neandri
927 2959 1035 3014 incolae
1059 2959 1246 3028 significantur
1274 2956 1310 3008 sd

223 3036 324 3086 calcem
343 3031 426 3084 huius
443 3048 501 3100 cap.
520 3041 647 3101 corrupta
664 3048 730 3085 voce
747 3031 998 3094 Maeandrium,
1016 3047 1066 3100 pro
1086 3046 1140 3100 qua
1158 3029 1309 3080 rectissime

223 3102 429 3158 Neandriornm
449 3104 558 3170 scripsit
568 3103 731 3155 Perizonius.
767 3101 971 3160 Neandriorurn
988 3102 1056 3169 legit
1072 3101 1156 3152 etiam
1170 3117 1219 3170 pro
1230 3102 1311 3151 Men·

227 3174 378 3227 terensiuns
398 3171 495 3224 Fuclrs.
518 3171 630 3238 Quaeri.
657 3189 684 3240 p.
708 3173 764 3224 105.
807 3173 907 3226 Verum
937 3173 966 3224 iu
993 3171 1096 3240 duplici
1127 3172 1229 3231 forma,
1255 3185 1310 3238 qua

227 3241 351 3298 eiusdem
368 3241 444 3296 urbis
462 3242 567 3296 incolae
585 3249 613 3296 et
630 3241 836 3296 Neandrienses
852 3251 882 3296 ct
898 3239 1039 3296 Neandrii
1050 3243 1235 3302 nominantur,
1253 3255 1311 3292 non

226 3329 287 3368 esse
307 3310 383 3384 qued
403 3310 538 3435 ogcndlps,
556 3314 587 3370 in
603 3312 666 3366 eliis
683 3313 794 3382 populis
814 3313 895 3368 docet
919 3312 1042 3368 Eustatb.
1066 3311 1103 3367 sd
1119 3312 1233 3380 Dionys.
1261 3310 1312 3360 Pe·

227 3385 293 3438 rie.
332 3421 337 3432 .
375 3400 401 3435 o.
440 3389 466 3434 te
507 3418 513 3430 .

269 3399 431 3524 ὅῄῘΞίοῚνιιιη)
468 3399 508 3504 ba
527 3449 592 3506 libri
610 3453 682 3515 mel,
699 3449 961 3526 neufils'ornmqas.
996 3452 1062 3516 Mar
1079 3467 1130 3522 pro
1148 3451 1247 3506 nutrix
1260 3449 1311 3503 Ed.

228 3523 300 3578 Crat.
318 3525 417 3577 altrix.
454 3520 571 3574 Eaedem
591 3538 668 3576 voees
688 3533 795 3576 mutant
815 3525 908 3584 Horat.
936 3523 987 3576 Od·
1014 3525 1060 3576 ΙΙΙ,
1084 3523 1109 3590 4.
1136 3537 1178 3578 ιο.
1201 3521 1251 3574 ubi
1276 3522 1311 3574 ct.

226 3594 315 3650 tenu.
330 3623 354 3634 -
382 3593 453 3646 inira
474 3595 546 3650 Crat.
565 3593 641 3646 airis
660 3595 785 3665 genibus.

294 3665 416 3735 pessimi)
459 3665 482 3716 S.
514 3663 584 3714 Gall.
612 3681 665 3716 sec.
689 3655 733 3718 tit.
755 3665 881 3734 persuasi.
907 3679 982 3718 more
1009 3661 1186 3718 Sallustiana.
1230 3659 1314 3726 Quae

229 3735 379 3804 scriptura,
400 3735 451 3788 hoc
469 3733 550 3788 unico
569 3735 628 3786 loco
649 3735 729 3786 unius
749 3743 853 3788 tantum
863 3771 872 3798 ,
892 3735 958 3792 licet
977 3735 1074 3807 optimi
1087 3731 1172 3797 ,‘MS.
1189 3734 1313 3784 auctori-

227 3811 285 3862 tate
302 3812 473 3870 sustentata,
493 3821 588 3875 parum
608 3813 694 3857 meret
712 3805 785 3858 fidei.

290 3875 385 3948 fidam
401 3875 465 3941 sibi]
500 3873 663 3928 addendum
675 3877 824 3948 saturam,
842 3873 881 3926 sit
895 3875 1069 3946 vindingius.
1089 3872 1236 3932 Cf.Gloss.,
1254 3872 1317 3924 Va·

227 3963 279 4001 nus
300 3947 382 3998 etiam
401 3944 562 4015 Wopkensii
580 3963 604 4012 p.
625 3947 666 3998 23.
684 3957 795 3998 conatus
808 3943 1050 4018 fidem-daturam
1087 3945 1129 3998 De
1145 3959 1227 3997 sensu
1246 3943 1315 3996 audi

228 4017 399 4072 Perizoniutu
420 4018 482 4068 Diss
512 4018 537 4084 §.
561 4015 677 4068 XXXIX.

300 4086 387 4144 Cobirs
404 4100 430 4140 et
449 4087 609 4156 Corinnam)
645 4085 759 4138 Malclas
777 4102 805 4154 p.
819 4087 876 4140 125.
893 4086 1017 4138 nominat
1034 4087 1136 4152 Κύμην
1156 4090 1184 4134 et
1197 4081 1318 4156 Kc'rnp-

228 4171 289 4213 aar.
314 4159 348 4214 cl.
367 4159 444 4210 Obrs.
464 4159 537 4210 inira
557 4159 605 4214 Ed.
630 4157 703 4213 Crat.
721 4169 835 4228 excepta
852 4158 963 4230 reliqua
977 4156 1084 4226 praeda
1109 4172 1131 4208 r.
1152 4155 1242 4208 Gloss.

297 4225 513 4298 Nadadriensss)
547 4227 647 4282 Eadem
667 4225 714 4281 hic
733 4229 883 4298 scripturae
903 4228 1036 4292 variatio,
1056 4244 1127 4298 «pirae
1148 4241 1242 4296 supra,
