2762 4684
393 307 444 364 ott
460 305 615 368 HOMO
630 306 772 366 t'ttomt
788 309 974 370 metente.
1193 303 1237 368 23

118 439 311 571 aciantiam,
339 491 542 578 aequitatem,
570 490 758 575 bonitatem,
797 497 995 566 clementiam
1022 435 1237 559 lamentantur.

117 595 260 664 Troiani
273 594 489 686 Sarpedonem
504 605 535 660 et
549 593 753 684 Deiphobum
767 596 894 668 deilent.

558 763 651 832 Car.
674 765 808 837 XXIX.

228 903 359 984 Nestor,
385 902 439 990 qni
451 901 554 968 maior
564 915 639 970 nato
651 917 732 988 eret,
758 919 851 974 noctu
865 903 1008 972 doctoree
1024 905 1059 970 in
1072 899 1237 968 consilium

121 1019 255 1088 evocat,
274 1005 394 1086 enodet,
419 1008 576 1088 hortatur,
597 1019 632 1072 ot
645 1010 866 1098 imperatorem
877 1010 1075 1100 praeficiant,
1101 1017 1133 1070 et
1145 1006 1173 1070 ei
1187 1007 1235 1068 eia

121 1109 288 1192 videatur,
319 1108 454 1176 camdem
475 1111 741 1193 Agamemnonem
759 1117 891 1182 minima
912 1135 983 1178 curn
1000 1109 1155 1177 discordia
1167 1109 1237 1172 fieri

121 1236 233 1302 poene.
283 1213 365 1278 Item
384 1227 623 1295 commemorat,
653 1215 728 1282 dum
750 1220 779 1284 ie
801 1240 942 1284 summor
957 1219 1126 1305 imperator
1143 1223 1236 1292 eeeet,

122 1338 277 1406 prospere
299 1329 422 1399 gestum
444 1337 533 1399 asae,
564 1319 641 1384 satia
662 1322 785 1387 felicem
802 1323 902 1388 fuisse
924 1322 1111 1386 exercitum:
1144 1316 1173 1381 ai
1188 1316 1238 1378 coi

124 1419 205 1506 quid
220 1419 305 1485 aliud
319 1418 479 1502 videatur,
502 1420 605 1486 dicere
623 1422 745 1490 enodet.
795 1425 917 1492 Omnea
938 1404 1145 1490 assentiunt?
1158 1419 1238 1502 Aga-

123 1545 331 1590 memnonem
349 1545 507 1590 nummum
531 1525 754 1614 imperatorem
782 1529 975 1618 praeficiunt.
1031 1525 1162 1592 Postera
1185 1521 1239 1586 die

123 1626 258 1694 Troiani
271 1628 347 1692 laeti
363 1649 405 1692 ax
416 1627 532 1716 oppido
546 1629 581 1695 in
593 1631 695 1696 aciem
708 1630 873 1721 prodeunt.
903 1633 1118 1715 Agamemnon
1132 1637 1239 1693 conoe

123 1733 298 1798 noctem
313 1729 430 1796 eduma
474 1731 599 1798 Proelia
621 1737 807 1816 commiaeo,
841 1749 969 1822 uterque
989 1733 1142 1798 exercitus
1156 1731 1239 1794 inter

124 1855 163 1900 ee
186 1837 341 1916 fugantur.
389 1833 561 1922 Postquam
580 1839 683 1906 maior
705 1860 778 1927 para
799 1838 864 1904 diei
885 1837 1022 1916 uanaiit,
1048 1831 1189 1924 procedit
1203 1833 1239 1898 in

124 1939 238 2024 primia
262 1937 404 2017 Troilon,
438 1937 559 2018 coedit,
589 1938 733 2007 devastat
766 1943 917 2026 Argivos,
958 1943 992 2006 in
1018 1951 1118 2006 caetra
1140 1940 1238 2019 fugat.

124 2039 254 2106 Portare
274 2039 327 2106 die
349 2041 479 2106 Troiani
497 2043 668 2108 exercitum
691 2043 834 2112 edomant.
886 2044 1002 2112 Gnnm
1011 2043 1238 2126 Agamemnon.

123 2141 178 2209 Fit
197 2163 312 2226 magna
334 2141 465 2210 caedes:
486 2157 614 2231 uterque
634 2149 789 2214 exercitus
809 2151 892 2216 inter
914 2157 1117 2236 repugnant,
1143 2165 1238 2233 proe-

125 2248 205 2312 lium
225 2268 294 2312 acra
321 2247 368 2312 fit.
417 2247 536 2314 Multos
569 2247 664 2316 doces
695 2251 881 2334 Argivomm
913 2251 1040 2317 Troilne
1073 2249 1237 2314 interiecit.

126 2349 282 2432 Pugnatur
295 2351 449 2416 continuit
465 2349 576 2416 diebus
595 2365 726 2442 neptem.
775 2355 989 2437 Agamemnon
1003 2351 1145 2417 induciae
1158 2352 1237 2438 petit

126 2454 161 2518 ia
174 2451 400 2520 duoameneea.
449 2453 651 2520 Palamedem
663 2457 829 2539 magnifico
845 2461 954 2522 ninere
968 2457 1073 2522 efferta
1098 2465 1236 2520 ceterae·
1274 2478 1279 2488 ¹

126 2577 188 2644 qne
201 2555 296 2624 donee
314 2577 351 2622 ac
367 2557 485 2626 militae
499 2559 621 2646 utrique
635 2559 834 2650 sepeliendos
846 2571 964 2626 corant.

564 2726 656 2796 Gar.
680 2729 802 2797 XXX.

223 2865 457 2949 Agamemnon,
483 2862 560 2932 dnm
570 2865 719 2934 induciae
734 2880 816 2950 cont,
841 2866 938 2934 mittit
950 2864 990 2930 ad
1003 2864 1155 2932 Achillem
1168 2863 1234 2930 Ne·

126 2979 258 3052 etonem,
283 2971 427 3050 Ulixem,
451 2969 652 3053 Diomedem,
678 2985 712 3037 ut
724 2985 869 3056 rogarem
884 2969 1148 3036 illuminbellom
1158 2989 1233 3056 pro-

125 3071 201 3140 dire.
250 3073 391 3156 Abnegat
409 3073 543 3140 Achillea
564 3087 723 3157 moeson,
750 3074 835 3162 qnod
857 3075 924 3140 iam
944 3073 1171 3152 destinaverat,
1198 3072 1233 3136 in

125 3179 238 3242 bettrm
250 3201 316 3244 non
332 3175 468 3267 prodire,
494 3179 536 3242 ob
547 3177 582 3242 id
596 3177 681 3266 quod
690 3181 877 3268 protnlearat
890 3180 1055 3258 Hecubam
1080 3187 1134 3242 ant
1149 3188 1232 3240 certe

125 3301 159 3345 re
174 3281 281 3344 minoe
311 3291 538 3369 pugnantum,
579 3282 727 3370 eoquod
754 3283 949 3368 Polyxenam
976 3280 1069 3350 ratde
1096 3279 1233 3344 emebat.

126 3381 235 3471 coepit
246 3385 330 3449 male
343 3406 401 3452 eoa
414 3383 570 3474 accipere,
597 3388 652 3471 qni
665 3386 707 3452 ad
720 3407 756 3452 aa
778 3399 945 3469 renuant,
970 3384 1096 3450 dicem:
1120 3403 1230 3471 pacem

126 3485 237 3552 debere
248 3486 336 3566 lieri;
359 3499 446 3554 tanta
461 3489 597 3577 pericula
614 3491 705 3558 corios
718 3493 859 3556 mulieris
872 3511 981 3556 caueae
997 3489 1078 3568 fieri,
1102 3487 1229 3550 liberta-

126 3601 187 3656 tem
209 3590 392 3679 periclitari,
424 3603 511 3658 tanto
534 3603 676 3680 tempore
705 3591 864 3676 diffidere3
900 3613 1012 3682 paoem
1041 3589 1228 3676 expoamlat,

125 3714 257 3781 pugnam
277 3695 390 3760 renuit.
438 3694 666 3778 Agamemnoni
685 3701 891 3780 mnnndatrn,
921 3693 998 3782 qnid
1021 3714 1092 3758 eom
1110 3691 1228 3756 Achille

125 3809 224 3862 acuam
237 3799 297 3880 ait,
321 3798 412 3866 illum
424 3799 623 3886 pertinaciter
636 3822 761 3884 negare.
811 3803 1025 3882 Agamemno
1039 3815 1150 3862 omnen
1167 3791 1226 3858 do-

126 3921 172 3966 cea
184 3902 219 3966 in
233 3903 399 3970 concilium
411 3915 523 3970 vocat:
547 3907 719 3970 exercitum
732 3905 879 3983 monent,
915 3901 992 3989 quid
1011 3900 1083 3966 fieri
1097 3895 1225 3978 debeam

125 4003 252 4093 imperat
272 4003 392 4089 dimo,
417 4004 494 4093 quid
509 4007 620 4094 cuique
639 4007 793 4076 videatur.
841 4005 1004 4072 Menelaos
1020 4002 1139 4070 hortari
1150 4023 1224 4069 coe-

125 4108 167 4195 pit
187 4111 323 4174 l'ratrem
338 4131 447 4192 auom,
477 4121 513 4174 tat
533 4113 640 4199 potina
666 4111 820 4178 exercitae
842 4110 877 4174 in
902 4129 1038 4198 pugnant
1055 4103 1223 4196 pmdeant3

126 4231 176 4276 nee
190 4209 305 4278 debere
325 4214 448 4296 terreri,
474 4213 503 4278 ei
524 4215 657 4291 Aclfllee
678 4237 714 4282 ee
737 4216 948 4282 excecaverit:
973 4233 1009 4280 ae
1022 4223 1129 4278 tamen
1151 4231 1223 4300 per·

494 4591 568 4654 Δ
