2860 4688
263 361 349 434 fttt
655 377 772 428 uteru
796 375 971 428 cumensis

273 595 416 666 animos
440 593 648 673 remitteret,
675 605 756 654 cum
771 599 924 681 propter
944 599 1165 683 praesentes,
1186 586 1251 685 qui
1272 607 1347 656 aar

273 723 420 780 oratum
453 707 657 788 venissent,
694 717 770 772 tum
799 703 999 799 praecipue
1037 697 1086 772 ob
1119 695 1210 772 bene
1239 697 1283 772 de
1310 722 1349 773 sc

243 825 247 832 '
274 827 443 896 meritum
468 817 648 918 reliquum
672 817 891 887 exercitum.
1106 815 1113 824 '

374 939 477 1010 L11.·
516 932 639 1032 Igitur
672 927 838 1006 Achilles
864 928 1076 1034 praesentia
1101 927 1237 1002 talium
1258 927 1352 1002 vim-

276 1079 383 1137 rum,
416 1045 593 1154 precibus
618 1041 869 1119 familiarium
894 1069 937 1118 ac
964 1039 1224 1118 recordatione
1247 1041 1353 1118 inno-

274 1167 330 1242 xii
354 1163 540 1239 exercitus
566 1159 721 1238 tandem
746 1156 875 1248 flexus,
901 1157 949 1234 ad
980 1179 1213 1264 postremum
1239 1157 1353 1233 iactu·

276 1309 366 1358 rum
388 1303 444 1369 se,
481 1303 580 1380 quae
612 1277 775 1368 vellent,
818 1275 1031 1381 respondit:
1071 1272 1162 1349 dein
1202 1273 1355 1349 bortatu

172 1437 175 1444 ·
275 1394 400 1472 Aiacis
425 1413 509 1470 tum
533 1391 706 1498 primum
722 1411 807 1498 post
826 1391 970 1467 malam
989 1389 1230 1465 iracundiam
1242 1391 1356 1465 Grae-

276 1509 330 1586 cis
356 1509 513 1600 mixtus,
548 1508 754 1584 consilium
780 1507 1016 1610 ingreditur,
1049 1525 1164 1610 atque
1187 1505 1237 1580 ab
1266 1511 1356 1606 Aga-

277 1649 484 1702 memnone
512 1622 617 1724 regio
643 1647 749 1698 more
778 1625 977 1698 salutatur.
1029 1625 1178 1698 interea
1203 1619 1358 1720 reliquis

278 1735 444 1814 ducibus
468 1737 635 1814 favorem
665 1737 949 1822 attollentibus,
976 1735 1115 1840 gaudio
1141 1735 1359 1837 laetitiaque

278 1871 419 1929 cuncta
451 1853 640 1958 completa
665 1871 777 1928 sunt.
834 1853 960 1956 igitur
992 1859 1252 1954 Agamemnon
1283 1877 1360 1924 ma-

280 1993 377 2044 num
403 1967 562 2043 Achillis
586 1985 788 2059 retentans,
814 1991 980 2070 eumque
1004 1985 1042 2040 et
1066 1967 1233 2068 reliquos
1250 1963 1361 2038 duces

280 2081 331 2159 ad
362 2107 520 2159 coenam
545 2079 720 2158 deducitt
745 2111 789 2159 ac
815 2085 948 2189 paullo
975 2099 1061 2187 post
1085 2079 1188 2156 inter
1211 2081 1361 2184 epulas,

168 2277 171 2284 ,
280 2225 405 2302 quum
442 2197 532 2272 laeti
571 2199 672 2272 inter
701 2222 738 2271 se
776 2198 1001 2288 invitarent,
1040 2223 1106 2272 rex
1144 2196 1363 2270 Patroclum

281 2313 463 2416 quaesiit,
489 2331 534 2386 ut
553 2301 851 2416 Hippodamiam
881 2341 969 2388 cum
997 2311 1240 2400 ornamentis,
1264 2335 1366 2414 quae

283 2429 458 2519 dederat,
483 2429 532 2504 ad
560 2430 722 2503 tentoria
747 2429 907 2505 Achillis
934 2425 1153 2503 deduceret:
1189 2428 1295 2529 isque
1322 2425 1368 2497 li-

282 2538 376 2620 bens
401 2542 580 2620 mandata
600 2545 723 2619 efficit
774 2545 950 2619 Ceterum
971 2572 1041 2649 per
1061 2541 1102 2618 id
1122 2560 1270 2646 tempus
1287 2540 1371 2614 hie-

283 2659 355 2734 mis
378 2683 487 2764 saepe
511 2659 648 2735 Graeci
673 2675 790 2762 atque
813 2659 990 2750 Troiani,
1015 2659 1157 2762 singuli
1183 2658 1371 2763 pluresve,

281 2793 327 2851 ut
352 2775 427 2851 fors
450 2791 644 2866 evenerat,
679 2775 781 2850 inter
808 2800 847 2850 se
871 2777 953 2850 sine
975 2776 1058 2852 ullo
1083 2791 1190 2852 metu
1214 2774 1258 2852 in
1279 2771 1374 2848 luco

281 2889 517 2994 Thymbraei
542 2889 732 2998 Apollinis
756 2887 1024 2968 miscebantur.

284 3181 411 3242 euinque
429 3171 520 3224 iudico
538 3171 705 3236 lectionem,
729 3189 763 3228 ex
784 3175 880 3240 uem..
903 3177 928 3230 S.
950 3177 1022 3231 Gall.
1040 3193 1102 3246 opp.
1121 3183 1150 3228 et
1174 3175 1222 3228 Ed.
1249 3172 1338 3225 blere-
1361 3188 1380 3222 ι

283 3243 472 3366 tutta
489 3247 844 3368 tttt‘ttctttt‘
862 3248 955 3370 ⁰⁰”l'i
974 3247 1089 3370 step,
1105 3265 1128 3369 i
1141 3263 1204 3368 tlt
1216 3245 1380 3364 ’15⁰⁹”'3¹'¹

462 3349 469 3374 r
582 3349 588 3361 ·
824 3335 842 3369 u
863 3336 896 3370 ue
954 3333 1007 3372 Μ.
1171 3333 1207 3368 0.
1252 3353 1259 3364 ·
1292 3333 1325 3365 ·t
1375 3350 1380 3364 .

285 3399 382 3435 manus
400 3379 576 3435 deosculatus
592 3396 619 3436 et
637 3385 697 3454 ipso
710 3403 801 3454 genua
819 3339 990 3458 coieringem.
1009 3397 1038 3441 et
1062 3335 1102 3440 iile¹
1128 3402 1211 3456 saepe
1236 3331 1380 3454 Appnlrtris

196 3456 199 3466 '
283 3471 376 3574 §anua
393 3453 572 3520 contingere,
597 3468 651 3504 unu
676 3473 759 3508 mauu
780 3475 872 3526 genua
896 3471 969 3516 cont.
995 3459 1030 3511 Cf
1064 3457 1153 3510 Gloss-
1188 3455 1260 3522 Quis
1284 3455 1380 3505 nescit

311 3525 459 3574 omer-itum
476 3519 590 3590 γούνων
606 3523 640 3574 lu
663 3521 776 3589 βαίνειν,
795 3525 948 3590 ἅπτεσθαι,
966 3529 1068 3598 ubique
1088 3531 1147 3581 siue
1165 3525 1261 3578 addila
1278 3542 1380 3576 manu*

354 3591 394 3644 ad
410 3591 534 3674 coenant)
555 3591 610 3676 lid.
654 3599 877 3680 introeuntem.
912 3595 989 3650 bern.
1009 3615 1060 3654 ont.
1086 3601 1161 3652 inter·
1185 3605 1249 3649 ante
1268 3595 1380 3664 apulus

284 3731 337 3789 ns.
355 3664 880 3803 lii'ls‘.“3l‘al'²ll'‘1il.'bilibit
896 3667 1035 3791 lidii
1049 3667 1377 3809 ltttgltttt'tt

286 3803 348 3856 cido
366 3821 394 3854 se
412 3804 571 3856 navitarum.
590 3805 665 3874 quod
682 3807 784 3858 arridet
799 3807 969 3876 Woplamio
989 3827 1013 3876 p.
1028 3812 1070 3877 45.
1089 3811 1137 3880 qui
1158 3815 1251 3860 tamon
1272 3805 1380 3856 mavul

285 3887 369 3944 quum
385 3875 525 3925 laetanter·
540 3893 568 3926 se
585 3876 745 3930 invitarent.
782 3877 824 3929 ‘l'u
837 3891 901 3932 voro
920 3880 990 3934 nibil
1008 3889 1105 3932 mutor.
1123 3899 1147 3933 v.
1167 3880 1259 3935 Gloes.

347 3942 424 4014 sors)
444 3943 512 3996 Fors
530 3952 572 3995 est
590 3945 618 3996 in
637 3947 712 3998 beru.
737 3965 754 3998 ι
775 3964 809 4004 m,
830 3967 889 4018 pr..
913 3949 941 4000 S·
960 3949 1029 4001 Gall.
1049 3965 1109 4020 opp.
1133 3958 1161 4000 et
1186 3947 1235 4000 Ed.
1267 3945 1373 4000 Ptine.

286 4013 400 4085 vultque
417 4014 544 4068 Arntzcn.
566 4017 601 4068 ad
617 4015 708 4070 Aurei.
728 4019 798 4072 vict.
817 4019 852 4074 de
872 4021 931 4079 vir.
957 4021 1003 4080 lll.
1020 4035 1042 4074 e
1064 4023 1103 4076 13.
1125 4037 1151 4092 p.
1171 4037 1216 4092 99.
1242 4017 1289 4070 ΑΙ·
1311 4033 1380 4070 sort

730 4227 930 4246 qun-unuq-
