2698 4688
263 367 359 418 mu
727 366 900 420 Pffilwlill

262 575 333 616 curn
348 576 385 618 eo
404 557 515 636 aeusi,
534 567 631 637 quun
649 551 718 615 illos
737 541 926 636 auiiagieules
946 573 983 614 ex
1004 529 1074 613 luco
1096 545 1265 626 vidissent,

145 703 150 716 .
262 656 392 718 sortisse
423 664 460 716 et.
484 651 634 715 invenisse
669 653 736 714 istic
766 649 918 715 Achillem
951 649 1104 714 lethaliter
1133 646 1286 710 vulnerate

260 751 368 814 dixisse
384 763 458 814 tunc
478 753 626 814 Aiaeemc
664 753 739 816 Fun
766 749 972 837 confirmem
988 773 1025 812 ne
1037 769 1147 812 vnum
1158 767 1219 834 per
1236 767 1287 808 nso

261 851 458 928 lessnnllum
478 852 626 916 tannem
647 852 809 928 exserere,
838 854 895 938 qui
912 865 940 912 te
964 869 1037 912 vera
1054 851 1157 912 vinae
1178 867 1287 932 supere

260 951 317 1012 sed
341 951 386 1011 zui
411 949 519 1034 palam
539 963 598 1026 en,
623 963 675 1012 nea
693 963 721 1012 ee
738 951 904 1012 usoensnlta
924 951 1072 1012 temeritas
1091 946 1240 1032 pudente.

261 1049 457 1111 simulamus
476 1050 550 1112 laneo
570 1050 687 1111 Graece
706 1049 805 1133 legere
825 1071 861 1112 ex
885 1047 1015 1112 Malaia:
1038 1038 1100 1109 Ἦν
1114 1035 1178 1126 ὅρα
1200 1043 1287 1126 n’lqtl

260 1135 346 1218 ὅστις
373 1139 551 1227 ἀνθρώπων
573 1147 733 1223 (dicuntur
761 1147 835 1210 haec
863 1150 950 1232 quusi
983 1167 1039 1230 per
1071 1145 1285 1229 interrogation

259 1244 334 1306 Fuit
360 1263 431 1325 ergo
461 1267 524 1307 vere
549 1247 660 1330 alipius
677 1247 837 1324 lomnernn,
860 1248 915 1332 qui
940 1252 1034 1321 ecel)
1054 1237 1190 1326 ἠδύνατο
1226 1249 1287 1304 ersi

188 1353 192 1363 “
258 1360 296 1404 us
316 1338 397 1426 ἀλκῇ
418 1341 613 1425 διαφέροντα
633 1342 784 1422 πάντως
805 1343 889 1408 Ἀλλ’
909 1337 929 1426 ἡ
950 1339 990 1426 σὴ
1011 1340 1183 1424 προπέτεια
1201 1336 1287 1402 cinni

258 1457 321 1504 uss
363 1441 574 1524 Rapoadentc
595 1441 738 1505 Achilles
759 1441 842 1504 Dolo
863 1463 912 1504 nse
927 1455 1014 1528 alque
1036 1440 1154 1502 insidiis
1170 1439 1287 1524 Deuplcu

257 1555 348 1626 atqaeoe
362 1540 546 1608 Alexander
569 1541 751 1624 Polyxenus
769 1543 870 1624 patin
891 1543 1117 1606 annaneane.
1137 1534 1288 1626 Altpsig

255 1632 352 1718 ucusp'
382 1659 423 1716 με
444 1633 554 1721 Πάρις
574 1640 630 1702 xci
646 1637 809 1722 Δηΐφοβος
834 1633 887 1702 διὰ
904 1637 1098 1720 Πολυξένην.
1141 1639 1227 1716 Quae
1246 1639 1288 1698 Mt

254 1736 304 1800 lae
323 1738 417 1802 verba
437 1750 550 1802 temere
571 1739 712 1805 sollicitat
733 1740 798 1802 eius
818 1739 928 1818 editor,
950 1737 1077 1822 legens:
1107 1734 1207 1802 Δόλον
1234 1735 1288 1816 sip

258 1831 354 1902 cnvso'
367 1857 419 1918 με.
452 1837 531 1900 Nam
544 1839 651 1902 eadem
665 1837 755 1922 plane
769 1837 862 1902 habet
883 1837 1051 1916 cedrenus,
1067 1847 1099 1900 ct
1118 1837 1212 1920 magis
1232 1856 1288 1898 oon

253 1940 345 2002 aiunt
363 1959 435 2000 cum
456 1950 561 2002 nostro
580 1939 734 2022 Septimio.
775 1939 949 2015 Ppsuerunt
969 1948 1071 2005 autem
1090 1935 1155 2015 itti,
1177 1935 1288 2018 utliqr

251 2033 436 2120 εἰργάσαντο
457 2061 513 2122 pro
534 2037 777 2119 διειργάσαπο,
800 2039 832 2106 h.
853 2059 880 2104 e.
901 2039 1106 2118 conficerem,
1127 2037 1288 2117 inersecen

253 2139 338 2200 llaec
363 2159 435 2220 ergo
456 2141 560 2206 omnia
582 2149 668 2200 tanto
686 2161 853 2218 comeosu,
884 2149 915 2200 et
937 2157 1041 2200 rerum
1061 2157 1079 2196 a
1100 2133 1288 2198 eommunis

249 2236 345 2298 tentia
364 2259 453 2320 saepe
472 2237 720 2316 abhorrentium,
753 2249 783 2300 et
804 2237 968 2321 aliquando
988 2237 1079 2298 enam
1101 2236 1233 2317 ipsarum
1257 2232 1288 2294 lo

248 2339 379 2414 tionum,
401 2337 508 2403 eodem
527 2358 651 2421 prorsus
670 2337 787 2414 ordine,
810 2339 939 2422 reperies
958 2335 1040 2418 apud
1061 2346 1198 2398 nostrum
1208 2331 1263 2395 lib.
1279 2333 1289 2396 l

250 2447 282 2498 et
302 2436 358 2502 lv.
374 2440 432 2520 qui
454 2447 557 2501 nmen
575 2448 607 2500 et
629 2437 688 2500 alin
708 2439 834 2500 minoris
854 2435 946 2520 paulo
974 2433 1144 2514 momenti,
1176 2453 1211 2494 ac
1238 2435 1289 2494 nait

249 2534 410 2615 historica,
439 2535 570 2598 subinde
597 2538 746 2620 aspergit,
768 2536 892 2600 ethaeo
914 2537 980 2618 ipsa
1000 2533 1178 2616 plerumque
1198 2529 1289 2615 pluril

246 2633 405 2718 aliquanto
427 2636 529 2698 verbis
549 2637 735 2718 exsequitur:
758 2647 789 2700 et
809 2636 892 2720 apud
915 2631 1070 2710 Malelam,
1093 2635 1126 2694 in
1145 2631 1289 2694 Teucril

248 2733 374 2796 larnonii
396 2737 568 2798 nmatione
588 2757 692 2798 rerum
706 2736 747 2800 ab
768 2734 890 2800 Achille
910 2734 1101 2820 potissimum
1128 2741 1280 2814 gestarum

247 2833 404 2916 Pyrrhum
419 2833 508 2898 huius
527 2824 689 2920 lilium,p·
713 2837 781 2904 156.
805 2881 816 2904 .
837 2879 846 2898 .
871 2881 882 2904 .
907 2834 985 2896 166:
1025 2833 1158 2916 denique
1176 2830 1259 2914 apud
1281 2835 1289 2890 t

247 2931 391 3012 dsenum,
411 2937 443 2996 in
463 2937 540 2998 serie
562 2935 705 2998 histonoe
724 2937 771 2997 sui
792 2934 975 3018 compendii.
995 2933 1170 3015 Sequuntur
1182 2927 1289 2990 deine

248 3033 394 3116 pleraque
415 3033 521 3096 itidem
541 3034 719 3117 singularia,
739 3045 770 3096 ct
790 3037 870 3096 iuter
887 3054 922 3096 ee
941 3043 1043 3094 tamen
1071 3032 1105 3092 in
1116 3029 1209 3108 *hisce
1228 3049 1287 3090 auc

248 3132 333 3194 ribus
356 3135 574 3213 congruentia:
597 3131 692 3196 veluti
716 3133 872 3195 demente
893 3130 1012 3196 Paridis
1037 3131 1137 3193 tribus
1158 3125 1290 3190 vulneril

129 3279 134 3288 .
248 3249 267 3292 o
294 3228 463 3292 Philocteta
483 3229 650 3312 adunati,
677 3242 708 3294 ct
729 3233 863 3294 insecuta
886 3231 1029 3294 Oenones
1049 3240 1172 3308 morte3
1207 3225 1289 3308 dep

247 3329 330 3412 digia
359 3329 516 3409 infausto,
543 3331 627 3411 quod
657 3329 798 3392 Troianis
816 3331 889 3392 dein
911 3329 1090 3410 obvenerit;
1122 3328 1160 3389 de
1189 3325 1289 3408 legatn

247 3429 415 3492 Antenoris
433 3429 473 3491 ad
503 3431 657 3509 Graecos3
688 3430 729 3492 dc
758 3433 901 3514 pactione
922 3433 1002 3493 inter
1022 3431 1153 3492 Graecos
1172 3437 1205 3489 et
1227 3427 1289 3488 Tru

245 3547 315 3604 noa,
337 3529 467 3612 turpiter
486 3531 624 3613 proditos
642 3529 682 3592 eb
702 3530 878 3606 Antenore,
910 3539 942 3618 ct
969 3527 1110 3612 deceptos
1141 3527 1289 3589 imcinrat

245 3629 456 3708 Graecorum
490 3629 529 3692 de
558 3629 612 3692 lite
638 3631 717 3692 inter
742 3630 881 3714 Ulyssem
903 3639 934 3692 et
957 3627 1084 3692 Aiacem
1104 3647 1166 3690 oon
1186 3625 1227 3688 de
1245 3646 1289 3687 arr

243 3727 390 3807 Achillis,
426 3729 479 3792 sed
503 3731 542 3794 dc
562 3730 726 3810 Palladio;
760 3731 892 3814 denique
911 3728 950 3792 de
973 3749 1046 3790 nece
1067 3727 1169 3790 Aiacis
1191 3736 1284 3788 noctu

243 3832 374 3894 tentorio
393 3850 449 3892 suo
469 3831 581 3912 occisi,
599 3851 662 3894 non
683 3852 739 3892 sne
756 3850 872 3909 manu,
891 3829 945 3891 sed
966 3827 1038 3891 dolo
1062 3827 1199 3912 Ulyssis,
1227 3824 1281 3908 qui

239 3923 310 3992 ideo
329 3950 364 3992 ex
383 3931 488 3994 cestris
509 3933 696 3994 Graecorum
717 3931 867 4014 aufugerit
885 3931 918 3992 in
939 3929 1122 3990 Thraciam
1157 3946 1238 4010 quae
1270 3945 1289 3984 o

243 4029 295 4090 nia
315 4029 426 4092 itetum
456 4040 559 4094 noster
578 4030 674 4092 habet
694 4029 749 4092 lib.
772 4029 830 4092 tv.
852 4040 929 4092 extr.
950 4039 981 4090 ct
1000 4037 1065 4090 toto
1085 4026 1139 4094 lib.
1159 4026 1211 4104 V;
1240 4026 1289 4086 Ma

239 4123 285 4186 las
311 4140 413 4191 autem
445 4129 477 4190 in
509 4132 647 4192 oratione
680 4127 801 4212 Ulyssis
835 4128 874 4190 ad
903 4129 1035 4190 Graecos
1062 4125 1104 4188 de
1136 4123 1278 4188 Palladio

243 4221 310 4306 elo.
336 4269 346 4290 .
372 4270 413 4289 .·
441 4228 510 4312 144.
531 4241 562 4295 et
583 4228 740 4294 cedrenus
761 4251 794 4312 p.
821 4230 888 4294 alo.
914 4229 982 4292 131.
1009 4227 1078 4292 152.
1123 4225 1268 4290 Cetn‘um
