2782 4700
415 218 424 263 Ι

396 419 490 470 nunu
513 417 655 471 τιιοιιιιι
682 421 747 470 ιιι.
773 423 823 473 ιι.
1081 406 1152 478 227

59 637 156 688 rum
183 635 326 713 regum,
352 609 422 712 qui
447 611 619 685 convivio
644 609 915 702 interfuerant,
939 611 1057 690 choro
1074 642 1154 700 mo·

58 727 244 832 dolisque
267 727 487 802 carminum
520 727 804 831 praevaluerat,
837 728 893 805 ita
931 731 1153 834 Apollinem

63 845 346 946 Liberumque,
389 867 435 917 ex
467 841 620 918 feminis
656 844 842 948 plurimas
866 847 993 921 Musas
1012 837 1154 950 ‘cogno-

60 963 324 1037 minaverunt:
362 958 467 1034 unde
490 957 539 1035 ad
565 957 608 1036 id
634 979 783 1065 tempus
807 961 1026 1040 convivium
1051 963 1152 1039 illud

62 1073 229 1152 deorum
252 1077 502 1181 appellatum.
700 1081 704 1090 '

162 1193 268 1268 Vlll.
316 1197 452 1294 ltaque
470 1191 538 1266 ubi
560 1207 709 1281 cuncte,
734 1217 835 1294 quae
851 1192 1064 1285 voluerant,
1090 1219 1154 1270 co·

61 1333 249 1412 gnorere,
273 1305 323 1381 ad
350 1333 476 1412 regem
501 1305 684 1399 redeunt,
718 1326 757 1383 et
780 1307 930 1412 singula
956 1331 1035 1412 per¹
1050 1308 1153 1383 ordi-

64 1453 158 1502 nem
200 1444 370 1502 narrant
439 1427 500 1502 Oh
538 1451 638 1529 quae
677 1444 828 1504 coactus
863 1428 1153 1530 Neoptolemus,

65 1539 225 1618 adverso
259 1541 375 1631 mari,
410 1559 449 1617 et
480 1543 613 1618 multis
648 1543 813 1646 regionis
838 1543 919 1618 eius
944 1543 1153 1646 prohiben-

64 1659 192 1746 tibus,
228 1657 381 1735 classem
415 1647 574 1733 exornat
605 1656 880 1762 adscenditque
912 1659 1001 1764 ipse.
1050 1658 1154 1735 Dein

59 1773 216 1848 saevitia
247 1773 382 1848 hiemis
413 1775 583 1850 multum
619 1777 717 1851 mari
740 1773 929 1878 fatigatus,
955 1774 1154 1879 appulsus-

62 1916 143 1994 que
174 1889 225 1966 ad
250 1889 457 1996 Sepindum
482 1890 608 1984 littus,
645 1889 752 1996 quod
783 1909 945 2000 propter
975 1917 1154 1968 saxorum

69 2107 348 2124 ..ι-..ᾔ

63 2243 131 2296 dom
151 2241 235 2296 ilsree
252 2259 276 2304 e.
297 2247 335 2300 13.
353 2241 494 2308 Briseida,
511 2262 554 2304 ee.
573 2243 714 2314 Hyginus,
733 2245 871 2309 Briseida,
892 2241 1063 2314 Chryseida,
1085 2243 1154 2298 Tri-

64 2311 176 2376 south,
195 2315 355 2384 Fulgentius
372 2313 516 2379 Heroides,
536 2317 688 2370 Martianus
705 2316 818 2385 Cepello
839 2315 983 2377 Titanida,
1003 2331 1069 2385 pro:
1093 2314 1153 2367 Bsi-

65 2385 133 2446 scie,
152 2381 295 2451 Chryseis,
322 2386 445 2440 'lritonls
464 2395 530 2450 eet3
553 2387 592 2438 iu
611 2387 761 2456 Septimius
780 2385 851 2438 dixit
867 2385 988 2441 Nereide
1007 2403 1070 2458 pro:
1096 2383 1153 2434 Ne-

65 2455 134 2516 reis,
155 2461 187 2504 nt
202 2455 253 2506 lib.
272 2459 292 2510 l.
315 2473 353 2526 ¹7·
377 2465 406 2510 et
424 2456 493 2508 slibi
509 2455 613 2510 Aulida
632 2471 699 2525 prot
719 2454 805 2517 Aulis,
825 2456 872 2509 obl
890 2459 952 2508 vide
970 2471 1049 2525 quem
1069 2451 1152 2506 attuli

65 2519 181 2576 Monet.
200 2523 235 2576 nd
253 2527 352 2596 llygin.
372 2555 401 2566 -
423 2525 495 2580 lnirs
512 2525 561 2580 Ed.
585 2527 662 2586 Cret,
678 2526 849 2591 libertasse,
878 2539 905 2582 et
922 2525 993 2596 esf
1026 2523 1102 2576 MSS.
1124 2529 1153 2576 et

64 2593 137 2648 Edd.
157 2599 431 2664 cognominaverunt.
851 2612 854 2621 ·

139 2662 212 2715 vui
246 2679 273 2720 et
288 2668 415 2738 singule)
448 2669 525 2722 torn.
549 2667 577 2720 si
594 2667 665 2736 sing.
701 2662 751 2717 Ed.
775 2664 952 2736 Croesique
979 2666 1052 2734 sing.
1087 2661 1153 2716 Mox

65 2732 93 2784 S.
114 2733 188 2788 Gall.
210 2750 270 2804 opp.
289 2753 423 2810 quaeque.

134 2801 313 2879 ascenditque
331 2809 400 2875 ipse>
433 2806 481 2860 lid.
502 2804 572 2858 Crat
593 2811 623 2858 et
639 2801 722 2856 Mero.
741 2799 930 2874 ascenditque.
955 2803 1015 2873 lpse
1033 2799 1107 2860 dein.
1126 2815 1151 2850 v.

64 2871 101 2922 ed
119 2889 142 2926 e.
160 2877 180 2926 l.
199 2884 228 2928 et
246 2873 392 2946 Wopkens
413 2894 439 2949 p.
462 2893 519 2931 ιοο.
538 2875 592 2928 tis.
614 2875 697 2928 Periz.
719 2869 902 2990 escenditzue.
923 2870 957 2923 do
979 2889 1034 2942 quo
1051 2873 1086 2924 sd
1107 2872 1151 2924 ΙΙΙ.

64 2945 90 3010 4
127 2944 201 2998 tuin
225 2943 253 3000 S.
281 2945 353 2998 Gall.
375 2963 427 3000 see.
445 2947 491 3002 lx.
517 2947 631 2998 multum
654 2960 729 2997 more
746 2943 805 3013 [αι.
824 2961 840 2992 ιι
863 2943 965 2994 imore
984 2951 1059 2994 sexto
1078 2958 1150 2994 casu.

65 3011 115 3064 Ed.
142 3015 228 3068 Princ-
249 3034 303 3086 per
327 3017 440 3070 muitum
465 3035 540 3070 more
550 3017 608 3087 set.
641 3013 704 3066 Seii.
725 3029 802 3065 more
819 3027 879 3064 caso
898 3021 976 3065 sento
995 3015 1049 3066 fuit
1066 3012 1152 3065 etism

65 3083 104 3206 a
115 3085 190 3149 MS..
208 3103 242 3138 ex
261 3103 316 3156 quo
334 3087 414 3142 fluxit
433 3089 479 3142 lid.
501 3089 601 3154 Priue.;
626 3085 717 3138 editor
734 3091 826 3136 sutem
844 3083 933 3135 ederit
946 3101 998 3155 per
1014 3102 1049 3136 su.
1067 3101 1154 3143 mere.

102 3157 160 3212 ,ad
179 3171 201 3207 e.
221 3173 260 3208 ιο.
429 3169 430 3174 ’

133 3225 293 3298 &pinduml
330 3229 411 3299 Sepia
430 3229 559 3282 nimirum
579 3227 662 3298 piscis
680 3221 854 3294 ιυφόνωτος.
872 3221 888 3286 'l
905 3219 936 3274 δὲ
954 3213 1068 3286 Σηπιὰς
1081 3209 1151 3286 dni

63 3293 207 3350 strabonis
229 3299 387 3353 testimonio
407 3298 457 3352 lib.
474 3299 518 3351 ill.
532 3294 682 3366 πετρώδης.
718 3291 796 3346 Unde
820 3294 891 3344 ratio
912 3293 1032 3345 nominis
1053 3300 1152 3363 sponte

65 3381 95 3416 se
112 3367 218 3420 obtolit
241 3377 367 3422 naturam
390 3371 428 3422 rei
448 3371 539 3438 potius
554 3383 637 3438 quem
657 3373 799 3438 poetarum
817 3363 924 3415 lebuino
944 3364 1069 3416 seruati.
1107 3363 1153 3414 Sic

63 3449 134 3500 ιιιι,
155 3437 183 3488 in
203 3455 271 3509 quas
288 3445 397 3494 Aeneae
414 3457 495 3493 noves
513 3440 646 3510 impactae
665 3444 739 3497 sunt,
756 3435 848 3486 ἵππου
867 3437 941 3487 reite
960 3441 1067 3486 vocatas
1087 3433 1154 3485 Ser-

63 3507 123 3560 vim
144 3509 288 3562 annotarit
305 3509 340 3562 sd
357 3510 407 3564 illa
426 3509 533 3580 Virgilii
549 3508 648 3561 Aeni
667 3509 741 3560 Saxa
760 3516 863 3560 uncant
880 3504 950 3557 itali
965 3499 1063 3557 mediis
1081 3519 1152 3573 quae

62 3577 94 3627 in
109 3577 252 3646 fluctibus
268 3599 336 3635 eree
354 3580 473 3634 Dorsum
490 3582 615 3634 immane.
652 3577 684 3630 ln
698 3575 739 3629 ed.
759 3576 864 3628 Veneto
882 3575 983 3640 legitur
1003 3573 1153 3644 sepianum

60 3647 154 3702 Ιίιιιιι
190 3648 245 3704 Sed
267 3649 367 3704 Noster
390 3641 442 3718 riv
465 3647 601 3716 Equsddoe
625 3641 715 3710 dxciv
731 3642 878 3716 Sepindnm
905 3645 985 3697 tirsus
1002 3643 1096 3695 erdem
1115 3643 1154 3694 li-

60 3720 158 3771 centis
183 3723 355 3775 trsnstnlisse
382 3720 507 3784 ridetur,
531 3736 587 3791 qus
606 3719 637 3772 in
654 3719 717 3770 iliis
734 3717 817 3769 etiam
840 3712 997 3766 nominibus
1016 3727 1031 3764 e
1050 3709 1153 3765 Groees'

61 3789 90 3840 in
121 3789 250 3842 utinam
277 3791 498 3845 terminationem
525 3788 714 3844 convertendis
744 3801 807 3838 ιιιιιι
826 3791 883 3836 est:
912 3783 966 3834 nisi
995 3781 1053 3852 ipss
1081 3783 1152 3833 sorte

59 3875 149 3923 sess,
176 3861 280 3932 qnibne
306 3861 404 3930 Sepias
430 3869 588 3931 sereretur,
615 3875 631 3910 a
657 3857 799 3926 sepiarum
819 3850 1002 3935 similitudine
1020 3851 1152 3972 s⁰i³⁸d⁹⁸

60 3931 243 3998 nuncupavit
280 3931 357 3984 Sicut
375 3931 512 3986 lihinsdes
530 3929 630 3986 insnlss
648 3928 735 4000 aliqui
752 3925 841 4010 dietas
862 3921 1034 3975 tradiderunt
1071 3912 1101 3971 sei
1118 3919 1151 4006 eil

60 3987 158 4068 ιριιχῦ
175 4006 228 4052 sei
246 3999 339 4054 sinon
358 4005 408 4056 sei
424 3993 488 4056 olor
504 3998 671 4060 deerisidee
691 4014 761 4050 suso
779 3991 847 4050 rosis
864 3991 991 4060 ἐχίνους,
1009 3989 1153 4043 Eustatlno

62 4079 227 4124 “censente
245 4072 280 4125 sd
299 4071 413 4144 Dionys.
430 4070 531 4144 Perlog.
566 4071 714 4156 l’rsecipns
731 4073 821 4120 autern
839 4061 986 4114 eelclssltss
1005 4059 1152 4131 Sopiadosn

63 4139 154 4194 littori
182 4147 277 4210 postes
304 4141 414 4196 demum
439 4143 561 4198 Periisse
585 4141 678 4196 elassis
701 4134 843 4202 nanirsgio
870 4139 945 4204 parte
966 4137 1019 4182 etl:
1045 4133 1080 4186 dc
1096 4147 1152 4203 quo

60 4211 113 4262 rid.
136 4209 276 4270 licrodet.
297 4213 326 4266 in
339 4213 439 4282 Polym.
453 4229 475 4266 e.
494 4215 551 4270 ast.
570 4221 623 4264 ets
645 4229 671 4282 q.
693 4205 760 4261 edd.
780 4205 890 4260 Paussn.
908 4203 937 4254 in
955 4201 1049 4258 dread.
1069 4200 1154 4254 Οιιιιι-

63 4299 160 4338 omns.
199 4273 347 4356 &piamon
362 4292 405 4340 est
420 4285 502 4340 etism
517 4283 548 4338 in
560 4281 608 4336 Ed.
619 4231 705 4344 diat„
720 4291 791 4348 quise
806 4293 839 4329 cs
853 4273 951 4326 venet.
962 4289 1088 4346 expresse
1103 4275 1156 4334 ιιι,
