2766 4690
390 439 665 492 (reservandum
693 439 729 488 ur
757 441 818 488 crs.
848 441 871 489 ι.
1101 419 1173 493 399

82 653 187 718 spcrsa
214 639 289 699 erat.
334 631 448 693 Panum
469 629 590 693 diverse
621 631 796 694 cecinerunt
815 627 938 712 plurimi
961 637 1084 691 veteres.
1126 627 1175 690 Cf.

82 733 202 800 lacohs.
233 731 273 794 ad
302 731 403 793 Treta.
436 731 548 793 lluteh.
577 731 657 810 2063
680 731 807 794 Mueck.
841 727 1014 812 ud=IIygIm
1036 725 1099 796 hb.
1122 727 1174 814 98.

83 833 277 896 Obvolutam
301 833 412 894 nebula
435 831 623 915 Iphigeniam
643 831 742 892 Diana
764 828 890 894 abstulit
914 831 1124 903 Tomaritam,
1146 829 1187 902 In,

84 933 233 1017 templum
252 932 310 995 sibi
333 951 477 1008 sacrum,
499 932 553 993 ubi
569 931 647 992 lacta
667 943 711 992 est
731 930 878 994 sacerdos.
919 927 1061 1012 Dispersa
1081 930 1179 992 nehu-

83 1033 114 1096 Ia
134 1035 242 1096 Graeci
275 1038 460 1096 invenerunt
493 1031 653 1116 pulchram
688 1053 829 1111 cervam,
852 1051 943 1115 quam
965 1031 1092 1115 virginIs
1112 1030 1180 1092 Ioco

83 1133 294 1200 iramolarunt.
336 1135 385 1195 Sic
407 1133 534 1194 IIenric.
556 1155 585 1192 e.
609 1129 658 1198 33.
681 1130 735 1192 tot.
759 1131 811 1215 57.
831 1153 877 1215 sq.

169 1241 283 1310 cerva)
334 1233 369 1294 ln
389 1253 480 1294 cerva
497 1231 579 1293 ·loeo
602 1229 770 1314 lphiginiae
798 1230 956 1315 supposita
968 1231 1180 1322 plurimorum

83 1343 228 1396 veterum
249 1333 462 1416 aCypriorum
483 1331 554 1393 inde
573 1333 725 1413 scriptore
745 1353 921 1396 consensus.
964 1327 1180 1394 Phanodemus

85 1435 274 1517 Iphigeniam
296 1432 341 1508 εἰς
362 1425 499 1516 ἄρκτον,
531 1431 684 1494 Nicander
704 1429 750 1503 εἰς
776 1431 919 1514 ταῦρον,
940 1429 991 1492 alii
1014 1431 1059 1504 εἰς
1078 1431 1181 1512 γραῦν

84 1543 237 1596 mutatam
261 1533 402 1595 tradunt.
427 1555 459 1595 v.
481 1531 606 1597 Muuck.
629 1531 667 1594 ad
692 1531 807 1616 Hygia.
832 1533 853 1599 I.
868 1531 891 1595 Ι.
937 1533 1039 1616 Ipsam
1061 1531 1182 1616 Iphige-

83 1637 171 1696 niam
199 1655 272 1696 verc
301 1645 464 1696 mactatam
494 1631 595 1717 gladio
619 1653 709 1713 esse,
741 1632 833 1697 multi
860 1643 1002 1698 veterum
1021 1631 1082 1696 Ioci
1101 1633 1183 1696 iudi·

85 1745 171 1797 cant.
192 1733 524 1817 v-Weleker.Trilog.
548 1755 580 1817 p.
604 1731 677 1814 duo.
700 1731 773 1812 Ιμ5.
1180 1738 1185 1746 ’

173 1835 240 1917 regi
255 1833 443 1916 Scytharum
471 1867 510 1882 -
532 1831 801 1907 commendavere)
844 1833 1002 1898 Nesciebat
1021 1835 1183 1920 Agamem-

85 1957 173 2014 non,
203 1936 279 2019 quid
310 1956 381 1997 cum
413 1935 474 1998 tilia
509 1935 621 1996 factum
642 1945 740 2016 essct,
776 1955 903 2018 eamque
925 1955 998 1997 rere
1021 1947 1184 1999 mactatam
1244 1925 1252 1948 ⁸

86 2035 226 2120 putabat.
277 2035 380 2116 Quare
401 2057 472 2098 cum
491 2034 632 2098 Menelao
662 2035 702 2096 oh
727 2035 878 2119 proditam
902 2035 1090 2122 Iphigeniam
1120 2038 1185 2099 dis·

86 2135 211 2199 cordias
245 2137 397 2216 exercuit,
431 2157 501 2198 eum
522 2136 631 2198 Graeci
650 2133 806 2198 Boeotiam
839 2139 952 2198 reversi
974 2148 1093 2216 essent,
1113 2139 1185 2220 qnia

86 2235 264 2298 Menelaum
286 2235 386 2299 luctus
401 2236 448 2298 sui
469 2247 626 2298 auctorem
639 2235 776 2297 hahebat
790 2235 848 2316 (tr.
864 2238 927 2320 7.).
960 2239 1073 2300 Renuit
1091 2241 1184 2300 etiam

87 2335 216 2398 alteram
237 2336 460 2420 expeditionem
482 2336 523 2398 oh
547 2335 663 2413 liliam;
694 2355 791 2418 quare
811 2333 944 2399 Achilles
968 2339 995 2399 ei
1022 2341 1185 2402 irascitur:

87 2447 257 2520 utrumque
280 2439 312 2498 in
335 2435 469 2522 gratiam
490 2419 759 2508 reducit'UIisen
789 2437 844 2518 qui
864 2437 1085 2518 Agamemnoni
1106 2439 1186 2502 indi·

89 2547 140 2598 cat
159 2581 169 2614 ,
191 2535 266 2620 quid
288 2536 374 2598 eirca
404 2535 496 2597 filiam
513 2537 672 2609 evenerit,
705 2537 828 2617 eiusque
847 2537 984 2598 animum
1004 2537 1088 2600 Iuetu
1109 2537 1187 2602 libe·

88 2647 139 2699 rat
160 2637 220 2713 (11.
246 2643 306 2720 9.).
354 2635 437 2716 Quid
458 2647 569 2722 *sutem
599 2656 671 2696 eum
693 2635 849 2718 Iphigenia
880 2639 961 2718 apud
986 2660 1088 2720 regem
1111 2641 1187 2726 Scy·

90 2738 215 2798 tharam
238 2737 352 2800 sactum
375 2739 432 2816 sit,
461 2756 522 2803 non
546 2733 619 2797 dicit
640 2735 815 2819 Septimius.
860 2733 1005 2812 Neleius,
1028 2739 1188 2806 Cedrenus

89 2847 122 2898 et
143 2835 267 2898 Taetzes
289 2835 479 2902 Antehaoo.
503 2836 585 2918 patri
605 2856 673 2896 eam
696 2834 880 2897 incolumem
901 2837 1055 2901 redditam
1078 2851 1110 2904 et
1123 2845 1188 2906 Au·

88 2935 155 2998 lide
175 2937 294 2999 Dianae
329 2937 519 2998 sacerdotem
550 2935 688 2996 relictam
709 2956 774 2996 esse
799 2937 954 3016 referunt,
976 2941 1095 3026 Dictyis
1114 2965 1190 3006 ner-

92 3035 245 3098 ratiooem
277 3036 458 3102 deserentes.
500 3035 630 3096 Fundus
658 3035 789 3114 fabulae,
821 3059 913 3120 quam
934 3041 1114 3122 posteriores
1132 3065 1188 3108 suo

90 3155 178 3196 more
207 3145 370 3200 mutarunt
404 3147 435 3197 et
458 3147 661 3212 exornarunt,
691 3136 791 3198 estio
815 3135 998 3222 Cypriorum
1018 3143 1188 3227 scriptore,

89 3237 143 3320 qui
167 3236 297 3308 cecinit,
319 3247 354 3297 ut
381 3236 481 3297 Diana
518 3235 703 3320 Iphigeniam
738 3235 943 3320 ἐξαρπάξασα
976 3237 1022 3315 εἷς
1044 3235 1191 3326 Ταύρους

89 3335 294 3414 praeruptier
315 3330 370 3398 sui
390 3329 553 3399 ἀθάνατον
571 3341 664 3398 ποιεῖ.
713 3337 802 3400 Hunc
824 3341 856 3400 in
875 3361 996 3404 stimma
1017 3365 1120 3406 rerum
1142 3367 1190 3408 sc-

90 3445 182 3498 cutus
202 3455 266 3498 esse
287 3437 408 3498 videtur
430 3436 613 3520 Euripides,
645 3437 697 3520 qui
723 3438 806 3520 (Iph.
830 3439 928 3504 Taur.
953 3442 1019 3528 28.)
1043 3445 1081 3505 ad
1103 3445 1190 3507 'Iho-

90 3546 219 3613 autem,
240 3537 416 3598 Taurorum
436 3547 551 3615 terrae,
575 3557 653 3620 quae
675 3557 744 3620 pars
764 3539 910 3621 Scythiae
930 3553 992 3621 est,
1013 3545 1191 3626 imperitan-

89 3645 170 3714 tem,
205 3635 395 3720 iphigeniam
416 3657 434 3697 a
456 3637 555 3698 Diana
579 3636 733 3713 ablatam,
755 3638 859 3722 ibique
879 3641 997 3702 Dianae
1017 3643 1191 3727 Dictynnae

90 3735 283 3798 sacerdotem
303 3736 415 3798 factam
435 3757 499 3798 esse
518 3739 613 3799 canit.
635 3737 730 3800 Addit
750 3739 923 3802 Antoninus
945 3741 1098 3804 Liberalis
1112 3745 1188 3806 Met.

89 3835 168 3919 Syn.
193 3835 245 3898 26.
291 3833 466 3898 Nomadum
488 3839 596 3920 genti,
618 3838 667 3898 eui
689 3837 793 3900 Thous
814 3837 1014 3922 Borysthenis
1035 3841 1113 3904 filius
1133 3844 1191 3904 im.

88 3945 236 4018 perator,
258 3957 372 3998 nomen
401 3935 591 4018 Iphigeniam
622 3939 759 4020 posuisse
794 3938 984 4017 Taurorum,
1006 3943 1077 4022 quia
1099 3944 1192 4026 ipsius

86 4033 158 4096 Ioco
179 4035 220 4096 ad
240 4057 325 4098 aram
352 4038 544 4120 apparuisset
561 4037 690 4118 ταῦρος.
721 4073 764 4086 -
792 4037 917 4099 Summa
943 4038 1039 4102 totius
1071 4041 1192 4105 fabulae

85 4135 227 4196 breviter
248 4135 342 4197 relata
363 4137 403 4200 ab
427 4139 516 4198 Auct.
535 4135 597 4198 sair
621 4139 677 4218 Τρ.
699 4139 730 4197 in
750 4139 784 4204 B.
794 4135 920 4199 Uttcnb.
937 4137 1056 4204 XXIII.
1075 4143 1189 4229 ptiyr.

85 4255 136 4320 sq.
160 4255 271 4318 parum
298 4236 338 4298 ab
361 4233 486 4318 antiqua
509 4239 693 4298 narratione
713 4237 885 4319 discrepare
906 4239 1042 4310 videtur.

174 4335 230 4420 qru'
263 4355 298 4399 cc
322 4349 455 4422 tempore
480 4337 602 4368 ·”···“
657 4335 729 4399 ¹ib.
759 4337 802 4399 tl.
825 4335 857 4400 8.
885 4337 1018 4425 Scythae
1049 4347 1192 4408 nuntium

307 4598 309 4606 ’
370 4582 402 4641 1
