2698 4688
300 359 385 408 xxva
738 353 980 406 rumonucrro.
1032 409 1034 417 k

381 543 463 622 Qui,
493 541 603 604 Malela
622 543 794 623 antiquior,
821 549 906 604 unte
926 541 1028 608 studio
1043 545 1076 604 in
1095 541 1259 626 expilando

298 661 436 714 versatus
458 649 517 728 sit,
536 649 598 710 scio
618 648 782 710 neminem.
823 647 902 710 Sunt
917 657 1019 710 tamen
1042 651 1144 730 priore
1163 658 1272 730 tempo:

298 759 414 843 Dictyn
446 754 496 818 vel
520 735 646 852 norint²
674 753 725 816 vel
752 755 954 838 respexerint,
982 754 1032 818 vel
1062 757 1154 818 etiam
1185 756 1270 818 nomi

296 865 418 926 Etenim
444 881 515 925 eum
547 862 686 924 fusurum
714 863 849 926 animum
877 861 998 926 lectoris
1024 864 1257 946 defatigantium

293 961 465 1034 'arationum
495 969 599 1034 multis
626 971 838 1055 posterioeibus
866 972 1036 1054 proximum
1063 973 1178 1034 fontem
1209 971 1272 1030 suis

299 1088 371 1159 ctyn
393 1097 569 1158 persuasum
589 1077 737 1156 habeam,
756 1081 843 1140 cuius
861 1075 975 1140 seilicet
995 1097 1045 1138 ars
1068 1075 1219 1138 rhetorica
1239 1079 1272 1136 in

295 1189 342 1246 cis
355 1183 448 1245 rebus
468 1181 558 1246 laude
575 1183 711 1262 effertur,
733 1195 769 1246 ut
789 1205 881 1267 supra
895 1183 1046 1262 vidimus3
1071 1184 1181 1266 siquis
1198 1185 1272 1244 etiax

294 1289 459 1372 plxiodoro,
486 1291 548 1352 ubi·
562 1290 766 1354 Troianorum
779 1293 821 1382 =iu
841 1291 981 1354 incendio
1000 1290 1085 1352 urbis
1107 1291 1213 1354 caedes
1234 1302 1265 1352 et

292 1409 342 1461 tus
361 1399 481 1481 copiose
504 1397 656 1479 decantat,
676 1389 715 1461 de
734 1399 844 1484 Dietye
864 1398 937 1482 quid
958 1397 1121 1460 adhaerere
1142 1398 1271 1472 dixerit,

293 1505 363 1570 dem
391 1505 473 1568 haud
503 1504 593 1568 valde
623 1509 865 1591 repugnaverim.
917 1507 1066 1585 Quintum
1085 1506 1272 1589 Smyrnaeus

294 1612 467 1675 adhibuisse
487 1611 599 1697 Dictyn
622 1625 739 1677 certum
759 1613 853 1676 habet
868 1613 1009 1698 Tyelasen
1028 1613 1204 1696 'Prolegorm
1223 1633 1272 1672 seo

291 1727 320 1796 §.
343 1718 375 1799 4.
416 1717 526 1782 Seculo
545 1721 652 1802 quinto
674 1719 841 1783 multorum
862 1720 1002 1784 menibus
1025 1722 1120 1786 tritus
1134 1721 1225 1780 fnisse
1243 1723 1272 1782 ri

290 1826 419 1889 Proelus
440 1828 552 1910 Lycius
572 1826 694 1889 Dalana.
720 1829 812 1890 Hom.
828 1850 857 1890 o.
876 1828 928 1890 26.
951 1827 1093 1907 affirmat,
1115 1827 1272 1890 nullumll

241 2017 244 2024 Ι
291 1945 389 1998 aetate
408 1933 499 1996 fuisse
521 1934 710 2012 historicum,
731 1938 784 2018 qui
806 1957 854 1998 res
874 1946 947 1996 tune
967 1947 1065 2018 gestas
1084 1937 1248 1997 memoriae
1270 1957 1272 2015 j

291 2045 392 2105 deritt
420 2063 498 2125 quae
525 2045 673 2104 sententia
699 2055 877 2127 argumento
905 2055 970 2122 est,
1000 2042 1142 2106 Proclum
1171 2044 1272 2104 noviss

291 2151 405 2233 Dietyn
424 2149 488 2210 sive
507 2147 651 2212 Daretem
668 2149 731 2210 sire
749 2149 877 2212 similem
899 2150 1096 2233 scriptorem,
1124 2153 1212 2213 cuius
1233 2152 1272 2210 iae

291 2258 502 2339 antiquitatem
517 2257 636 2322 refellit.
677 2258 801 2321 Exstitit
819 2267 901 2320 certe
920 2256 1025 2320 Procli
1047 2265 1144 2320 aetate
1162 2258 1272 2340 Dictys,

200 2359 203 2364 ’
293 2365 449 2447 descripsit
479 2384 515 2426 ex
544 2385 581 2426 eo
612 2362 870 2428 narratiunculam
893 2364 932 2428 de
951 2362 1052 2427 Ulixis
1079 2365 1112 2426 in
1139 2364 1271 2428 erroribu

293 2473 363 2534 fatis
383 2471 509 2534 Priscus
533 2471 676 2550 Panites,
705 2474 791 2534 euius
810 2470 890 2557 apud
910 2473 1035 2536 Suidam
1058 2493 1087 2534 v.
1111 2465 1271 2555 Χαρύβδις

290 2579 390 2644 verba
417 2590 507 2644 sunta
539 2575 654 2640 Ἔκεῑσο
685 2574 852 2654 Ὀδυσσεὺς
882 2572 1102 2658 advocastis
1127 2574 1270 2662 ἑταίρους

291 2688 352 2752 τῶν
379 2683 496 2753 πλοίων
523 2681 713 2766 ὑποβαλών,
745 2681 841 2764 αὐτὸς
861 2681 956 2767 μόνος
984 2685 1191 2769 περικαθίσας
1214 2707 1270 2750 σον

291 2803 357 2871 τοῖς
391 2792 531 2878 ῥεύμασι
568 2794 625 2876 τῆς
661 2787 825 2877 θαλάσσης
858 2793 1001 2880 ἐφέρετο.
1058 2793 1173 2858 Τοῦτον
1199 2785 1269 2875 inps

293 2905 437 2977 Φοίνικές
455 2923 540 2975 τινες
559 2900 594 2966 ἐν
614 2905 680 2975 τοϊς
700 2895 799 2966 ὕδασι
815 2897 958 2977 nunna,
977 2897 1185 2982 ἀναλαβόντες
1205 2892 1269 2984 ἦρα

292 3007 404 3092 Κρήτῃ
422 3005 502 3089 πρὸς
520 3007 674 3086 Ἰδομενέα
695 3006 820 3090 γυμνόν,
839 3011 912 3075 Vid.
931 3011 1021 3078 Obss.
1044 3011 1122 3081 Hist.
1147 3011 1185 3072 ad
1200 3010 1269 3073 lib.‘

291 3115 410 3176 Eodem
442 3115 544 3176 seculo
576 3123 647 3176 ante
671 3117 810 3176 Priscum
835 3117 954 3200 Dietyis
981 3138 1016 3179 ex
1044 3115 1243 3200 Ephemeride

291 3217 358 3298 (lib.
377 3221 418 3288 V.
445 3226 501 3304 ap.)
531 3219 632 3280 adfert
660 3217 806 3300 Syrienus
834 3220 891 3289 Or.
919 3223 952 3282 in
977 3223 1119 3308 Hermog.
1138 3247 1165 3286 c.
1192 3243 1256 3303 17.,

292 3323 385 3386 verba
405 3323 501 3385 citant
521 3325 673 3386 Meursius
692 3326 774 3388 Cret.
795 3327 852 3388 lV.
875 3349 922 3390 rr.
935 3349 968 3411 p.
981 3328 1051 3395 235.
1072 3341 1103 3390 et
1122 3329 1267 3389 Fabricius

291 3433 402 3499 Graec.
422 3434 448 3493 1.
473 3431 502 3502 5.
519 3433 550 3496 8.
572 3433 613 3499 Τ.
632 3433 658 3494 l.
677 3455 706 3516 p.
731 3434 782 3496 dr.
819 3431 866 3498 Ἡ
883 3431 1055 3517 γοῦνκατὰ
1083 3431 1214 3512 Κάδμον
1231 3457 1267 3494 κα

292 3535 369 3608 ναὸν
393 3541 425 3604 Γ
422 3534 605 3622 ραμματικῆ
630 3536 816 3604 laisareis·
837 3541 977 3624 τροϊκοῖν
997 3534 1127 3626 ἠσκεῖτο,
1149 3539 1199 3616 οἷς
1221 3543 1266 3605 Δι’

293 3647 335 3708 ἐν
354 3655 446 3722 τοῖς
467 3649 713 3733 Ἐφημτρτ’σι
733 3650 857 3734 φησί,
877 3650 1040 3732 καὶμέχρι
1055 3651 1117 3714 τῶν
1133 3648 1266 3712 Ειῖκλτίδι

290 3750 372 3834 μετὰ
405 3755 507 3818 τοῦτο
537 3747 689 3838 ἄρξαντος
718 3755 852 3837 διέμεινε
879 3750 1013 3840 χρόνων.
1063 3757 1266 3840 Antiquissima

291 3862 410 3945 Dictyis
433 3862 548 3924 mentIo
568 3875 631 3941 est,
656 3863 805 3948 siquidem
824 3864 962 3947 Septimii
983 3863 1079 3926 multo
1100 3866 1265 3946 antiquiore

289 3979 391 4050 postea
404 3967 582 4046 videbimus,
606 3971 744 4032 Latinam
763 3972 934 4032 versionem
951 3971 1071 4053 excipis,
1112 3969 1140 4032 A
1160 3973 1265 4056 Dictyis

290 4074 399 4136 ruentis
418 4073 501 4136 haud
519 4077 654 4141 alienum
674 4079 809 4160 suspicor·
830 4077 922 4138 etiam
935 4075 1093 4156 Servium,
1113 4076 1181 4140 lieet
1195 4099 1264 4140 nom

290 4203 360 4245 eum
382 4205 531 4267 numnam
558 4167 775 4248 introduxerit:
805 4183 1008 4256 reddamini
1028 4205 1113 4248 more
1146 4186 1264 4248 seherias
