2762 4684
369 325 420 384 ute
435 325 587 387 axctuto
602 323 745 386 ΤΙΟΙΔΙ
759 326 945 386 ΗΙΒΊὈΒΙΔ.
1167 321 1208 388 21

89 506 221 593 gratias
233 507 314 592 agit,
338 507 507 600 imperium
526 509 653 600 ncipit,
679 507 884 576 administrat.
934 509 1068 575 tremes
1087 507 1210 598 vitupe-

90 627 150 680 rat
163 615 290 703 imperii
306 615 593 690 commutationem.

527 777 626 853 en.
652 774 822 852 xxva·
938 749 941 764 '

204 919 325 988 interca
342 920 486 990 induciae
507 935 632 992 exermt.
682 921 867 992 Palamedes
890 933 1035 988 ornatum
1051 933 1210 1010 paratum-

95 1045 164 1112 que
183 1027 354 1092 amantum
377 1025 497 1107 educit,
523 1029 665 1107 instruit,
693 1030 842 1096 hortatur.
901 1023 1016 1094 &utra
1036 1025 1123 1092 idem
1135 1027 1210 1090 iacit

93 1127 299 1218 Deiphobus.
349 1129 506 1213 Pugnatur
525 1133 635 1196 acriter
656 1151 676 1194 a
697 1131 854 1198 Troianis.
905 1129 1068 1217 Sarpedon
1095 1131 1209 1212 Lycius

96 1253 174 1296 com
201 1235 266 1298 artis
287 1233 532 1320 impressionem
549 1237 583 1298 in
604 1235 735 1316 Argiam
757 1235 849 1315 lacit,
888 1231 1008 1313 credit,
1042 1232 1211 1322 prosternit

95 1337 228 1402 multos.
278 1335 317 1402 Ei
329 1338 441 1404 obulus
456 1339 492 1402 lit
507 1337 709 1427 Tlepolemus
722 1335 883 1404 Rhodius:
908 1335 965 1402 sed
984 1335 1037 1401 diu
1051 1333 1163 1449 stando
1179 1347 1211 1400 et

95 1437 270 1527 pugnando
283 1441 368 1504 mele
396 1442 574 1509 vulneratus
588 1439 680 1518 cadit,
730 1439 878 1506 Succedit
891 1438 1020 1520 Perses,
1040 1438 1209 1506 Admestee

97 1545 202 1623 lilius,
235 1545 390 1631 proelium
408 1545 559 1610 restituit:
591 1542 707 1630 diuque
729 1565 799 1610 curu
827 1541 1007 1632 Sarpedone
1035 1543 1210 1608 comminus

96 1645 268 1734 pugnaudo
284 1645 442 1714 occiditur.
491 1647 654 1735 Sarpedon
666 1667 790 1734 quoque
802 1647 886 1712 male
900 1649 1047 1714 multatus
1062 1645 1103 1710 de
1117 1667 1211 1735 proe-

97 1751 144 1814 lio
158 1747 262 1817 rediit.
310 1749 421 1837 ltaque
439 1773 496 1840 per
510 1753 628 1837 aliquot
649 1750 718 1816 dics
733 1753 853 1838 proelia
874 1751 967 1816 liunt:
993 1751 1136 1835 utrinque
1151 1746 1211 1811 du·

98 1864 203 1918 utores
217 1854 307 1918 multi
323 1852 510 1934 occidantur,
533 1853 590 1920 sed
604 1856 709 1942 phares
722 1875 741 1918 a
754 1853 891 1920 Priamo.
943 1853 1072 1918 Troiani
1085 1854 1212 1916 mittunt

98 1957 237 2036 legatos,
254 1954 397 2022 inducias
409 1969 526 2044 peasnt,
551 1970 586 2024 ut
602 1969 744 2022 mortuos
760 1957 930 2046 sepeliant,
956 1957 1081 2022 saucios
1096 1967 1211 2020 curent.

98 2057 284 2126 Palamedes
295 2059 437 2127 inducias
448 2058 564 2124 caesia
580 2080 868 2146 ennemasoosqm
886 2059 1060 2148 sepeliunt,
1087 2059 1211 2124 saucios

101 2174 219 2228 auant.
266 2160 346 2228 Fide
361 2162 435 2228 data
449 2165 528 2230 ultro
542 2162 679 2250 citroque
691 2164 728 2228 in
746 2163 900 2252 oppidum
917 2175 949 2228 et
961 2163 995 2226 in
1008 2174 1107 2229 castra
1121 2163 1211 2244 hagi-

100 2287 213 2332 aorum
233 2277 419 2332 commeant.
470 2265 656 2332 Palamedes
677 2267 945 2348 Agameuruonem
966 2267 1102 2348 legatum
1114 2266 1211 2330 nutrit

101 2367 142 2433 ad
167 2367 340 2451 Thesides,
371 2369 648 2456 Demophoontem
675 2381 707 2432 et
727 2371 944 2448 Acamantem,
986 2389 1064 2454 quos
1089 2371 1210 2450 legatos

99 2474 312 2554 Agamemnon
328 2477 533 2560 praefecerat,
561 2485 596 2536 ut
614 2485 807 2536 commeatus
828 2483 1060 2561 compararent,
1092 2482 1124 2534 et
1142 2474 1210 2534 true

100 2585 241 2639 mennon
260 2573 301 2638 de
314 2575 439 2640 Moesia
457 2597 478 2639 a
500 2576 642 2662 Telepho
660 2587 819 2663 acceptum
837 2584 1062 2662 supportarent.
1114 2575 1157 2640 Ut
1169 2593 1209 2638 eo
1252 2574 1259 2603 '¹

101 2679 209 2760 venit,
249 2677 438 2744 seditionem
467 2677 644 2746 Palarnedis
674 2691 788 2745 namt.
851 2675 902 2743 lili
933 2678 1067 2742 moleste
1096 2679 1208 2740 ferunt.

101 2783 313 2865 Agamemnon
329 2781 420 2865 dicit,
442 2803 479 2848 se
501 2783 635 2848 moleste
653 2805 719 2850 nou
740 2785 838 2864 lerre,
862 2801 920 2846 sur
934 2783 1095 2846 voluntate
1107 2779 1142 2846 id
1158 2783 1209 2844 la-

101 2899 185 2952 ctum
197 2905 278 2952 esse.
328 2885 450 2952 Interea
463 2885 651 2954 Palamedes
664 2907 763 2952 naras
785 2882 1010 2974 comparandas
1031 2895 1131 2964 currat,
1154 2903 1208 2947 ca·

102 3003 164 3057 stra
179 2989 296 3069 munit,
322 2991 459 3056 turribus
475 2989 652 3058 circrmdat.
704 2989 835 3055 Troiani
857 2989 1035 3055 exercitam·
1051 2998 1206 3068 emanent,
1269 2985 1272 3000 '

100 3113 221 3160 murum
239 3091 402 3174 dihganter
422 3095 606 3177 senemr,
628 3095 731 3162 lossas
755 3105 785 3160 at
798 3095 916 3162 vallum
930 3089 1063 3174 addunt,
1088 3105 1206 3158 cetea,

101 3217 160 3286 que
173 3195 336 3282 diligente
346 3209 546 3288 componunt.

519 3367 572 3437 Ca
584 3393 612 3434 a.
633 3369 778 3438 XXVII.

199 3504 369 3592 Postquam
396 3503 475 3572 dies·
495 3507 571 3572 anni
595 3507 706 3589 venit,
743 3529 805 3595 quo
834 3507 952 3573 Hector
980 3504 1121 3591 sepultam
1144 3513 1201 3580 est,

101 3607 238 3676 Prienam
252 3621 285 3673 et
294 3609 425 3676 Hecuba
440 3619 472 3674 et
483 3608 645 3694 Polyxena
657 3613 812 3698 ceterique
826 3607 956 3676 Troiani
969 3605 1009 3669 ad
1027 3605 1202 3692 sepulcrum

102 3714 166 3778 citu
182 3713 313 3800 proiecti
334 3723 416 3778 sent.
466 3709 589 3794 Quibus
613 3714 725 3780 obvius
753 3715 789 3778 lit
812 3713 967 3779 Achilles:
1006 3709 1200 3792 Polyxenam

102 3819 334 3904 contemplatur,
365 3817 436 3900 figit
452 3815 607 3899 animum,
635 3839 742 3884 amare
770 3837 843 3882 eam
864 3816 1067 3880 vehementer
1087 3813 1199 3899 coepit.

102 3919 184 3986 Tunc
205 3919 316 3986 ardore
332 3921 502 4010 impulsus,
532 3919 678 3988 odiosam
698 3923 806 3988 ritem.
821 3923 860 3986 in
883 3939 990 3982 umore
1017 3935 1199 3980 consumere

102 4023 221 4112 coepit:
245 4035 276 4088 et
298 4043 391 4107 aegre
409 4025 543 4106 larebat,
576 4023 946 4114 ademptumimperiom
972 4020 1204 4104 Agamemnoni,
1269 4098 1277 4112 Ι

103 4127 215 4212 sibique
228 4125 430 4194 Palamedem
440 4129 664 4218 praepositum.
704 4129 816 4192 Amore
832 4137 961 4210 cogente
975 4123 1113 4206 Phrygio
1129 4143 1197 4188 ser-

103 4249 142 4298 l⁰
155 4227 339 4308 stamme
351 4230 499 4300 mandata
514 4230 568 4297 dat
581 4231 711 4304 amuda
722 4230 764 4297 ud
779 4231 955 4310 Hecubam,
978 4239 1009 4293 et
1024 4228 1065 4293 ab
1079 4247 1116 4292 ea
1134 4227 1196 4292 sibi
