2612 4690
283 338 614 414 ouumrurronns‘ru
641 367 702 414 nru-
727 373 760 418 r·
982 345 1053 418 475

20 572 65 612 m
91 551 414 635 lumine'prirnrerat‚
439 573 505 616 eom
528 555 569 617 ob
591 573 711 617 censoru
733 551 884 636 lapidibus
897 551 1055 616 Hecubam

17 653 122 711 iretis
132 651 304 715 Thracibus
324 653 467 716 obrutam
489 675 569 732 esee,
590 667 661 716 nota
684 645 785 716 lnbula
806 671 840 714 ex
853 655 1053 736 Euripllec.

17 751 118 814 Jvid.
143 753 218 814 Met.
242 755 330 814 Xlll·
362 751 435 836 549.
478 755 625 818 Dolorem
646 755 687 816 ob
707 753 881 837 Polyxenoe
900 755 978 815 filiae
999 757 1056 814 im-

22 853 175 912 ationem
209 851 275 912 eius
296 863 404 914 oontrn
434 855 565 918 Graecos
592 854 720 916 exeitose
749 855 846 934 irem,
868 857 910 914 alt
932 853 1058 916 lleinri-

30 973 66 1012 c.
92 949 149 1010 85.
178 949 233 1011 lol.
271 949 338 1032 148.
366 985 407 1002 -
432 955 528 1014 multa
549 955 687 1036 ingerere
707 953 885 1030 maledieta)
928 951 1057 1014 Plautus

17 1073 51 1110 a.
88 1051 132 1110 V.
160 1069 187 1110 1.
215 1073 259 1134 ¹7·
282 1056 388 1114 omnia
415 1055 497 1114 male
522 1055 691 1136 ingerebat,
710 1072 853 1138 quemque
878 1065 1058 1136 aspexerat.

17 1147 120 1210 euol.
144 1151 209 1211 Set.
230 1150 273 1211 X.
297 1151 369 1214 266.
398 1165 487 1214 torua
508 1153 626 1215 canina
643 1153 773 1214 latravit
790 1154 880 1212 metu.
934 1149 1060 1226 Σκύλαξ

17 1261 105 1310 ntur
125 1247 285 1332 Lycoplrr.
314 1251 401 1313 Ceos.
426 1251 497 1320 315.
538 1253 652 1313 saeviit
669 1262 705 1314 ut
725 1269 855 1312 vesanus
875 1251 974 1326 cunin,
996 1269 1062 1309 mo·

17 1348 93 1408 edit
120 1369 271 1430 quemque
300 1349 445 1426 obvium,
478 1350 688 1434 lapidibusque
718 1353 827 1433 petiit,
862 1352 905 1410 eit
935 1349 1061 1409 llenrie.

17 1449 35 1511 l.
65 1481 106 1496 -
132 1449 358 1535 imprecarique
382 1453 518 1530 r'rffausta
544 1455 658 1531 omina)
698 1451 827 1516 Cedren.
858 1471 890 1532 p.
920 1469 985 1531 ¹09·
1005 1443 1061 1529 τὴν

19 1543 110 1629 tidrpr
130 1548 356 1630 xurapapqur
377 1549 421 1635 τῷ
441 1545 574 1635 arqaeqi.
594 1553 696 1613 Trete.
718 1549 760 1612 ad
773 1551 849 1633 Lyc.
863 1547 935 1612 315.
953 1541 1064 1628 ὕβριζε

17 1647 25 1706 i
51 1647 214 1727 κατηρᾶτο
235 1643 480 1730 τοὺςἚλληνας.

57 1747 312 1830 sepulchrumque
338 1768 393 1831 ap.
419 1747 578 1828 Abydum)
626 1747 720 1811 Unde
739 1750 830 1810 etiarn
854 1747 1062 1830 promontorio

17 1869 69 1908 rra
97 1846 243 1929 Abydum
272 1848 404 1929 positum
435 1867 547 1910 nomen
570 1843 678 1920 Κυνὸς
700 1848 797 1928 σῆμα.
820 1879 858 1896 ·-
883 1849 921 1908 ab
939 1848 1063 1928 linguae

17 1947 171 2021 utendam)
212 1946 316 2008 Plout.
339 1946 362 2008 l.
385 1947 408 2008 Ι.
431 1945 504 2009 Non
521 1961 553 2008 tu
570 1949 638 2020 sele,
665 1949 789 2025 mulier,
811 1946 972 2008 Hecubam
986 1969 1061 2031 qua*

17 2061 104 2130 apter
122 2066 233 2108 omem
259 2047 351 2108 Graii
380 2067 441 2109 eree
464 2049 714 2131 praedicabant?
743 2083 783 2096 -
807 2048 894 2131 Quia
914 2047 993 2107 idem
1002 2049 1063 2124 sa-

17 2148 78 2205 uae
97 2145 244 2223 Hecuba,
276 2147 360 2228 quod
380 2159 414 2208 tu
429 2167 508 2209 nuno
520 2149 624 2227 jacie:
652 2147 761 2207 omnr'a
784 2147 874 2206 mala
893 2147 1061 2224 ingerebat,

17 2265 128 2328 emque
152 2259 328 2329 aspexerat.
369 2247 480 2330 ltaque
502 2247 583 2306 adeo
609 2247 676 2304 iure
707 2256 815 2330 coepta
841 2244 1000 2328 appellari
1022 2249 1064 2305 est

17 2349 89 2406 uris.
140 2345 359 2427 Antiquissima
391 2345 513 2421 sabula,
534 2363 624 2426 quem
645 2344 760 2404 hebent
779 2343 943 2424 Euripides
962 2343 1063 2421 lieu,

17 2447 116 2508 ridiue
138 2456 168 2507 et
189 2447 323 2524 Quintus
335 2447 423 2508 xlv.
434 2444 506 2528 347.
529 2456 590 2506 eet:
620 2443 775 2504 Hecubam
797 2441 948 2524 lapidibus
969 2441 1064 2503 obru-

17 2567 45 2606 m
67 2547 98 2606 io
124 2565 230 2606 nonem
254 2566 315 2606 eene
335 2563 526 2606 conversam.
551 2541 647 2605 Plura
663 2539 702 2603 de
723 2542 866 2604 Hecubae
883 2540 952 2601 latis
962 2541 1066 2604 Fnche

17 2657 111 2708 uuest.
135 2666 164 2726 p
190 2643 273 2710 151..

68 2747 208 2808 Antenor
224 2779 264 2796 -·
286 2752 394 2821 orare)
438 2742 592 2806 Menelaus
606 2743 738 2822 Graecos
759 2739 875 2804 reditus
896 2741 983 2805 iubet
1003 2743 1067 2806 esse

17 2865 135 2906 emoneo
166 2845 256 2910 Hom.
278 2845 341 2906 Od.
364 2846 422 2906 lll.
450 2841 701 2924 140.Nestorod
724 2841 858 2903 reditum
881 2845 913 2904 in
938 2844 1065 2926 petriam

17 2957 131 3006 artatur
152 2947 262 3023 Quint.
276 2947 362 3008 xlv.
382 2947 454 3006 531.
475 2979 515 2992 -
538 2953 663 3025 urgente
681 2963 752 3010 nau.
776 2947 922 3030 tempore)
963 2943 1066 3006 Hiems

18 3047 66 3107 rim
90 3046 229 3110 instabat.
253 3067 284 3106 v.
306 3045 357 3106 od.
382 3065 410 3111 e.
434 3066 479 3128 ¹7·
504 3045 572 3110 init.

69 3147 187 3208 Graeci
203 3147 329 3207 Aeneae
352 3146 492 3219 euaderet)
548 3147 679 3207 Proreus
708 3144 895 3208 eontrarium
923 3143 995 3209 huie
1014 3157 1066 3209 co}

17 3248 155 3308 nrlntioni
177 3257 240 3320 est,
268 3245 350 3328 quod
372 3246 453 3307 nouit
473 3245 604 3307 Lesehes
629 3245 660 3306 iu
682 3245 784 3307 Parve
805 3243 841 3309 ll.
862 3243 944 3328 opud
963 3247 1065 3308 Teetz.

17 3345 29 3404 l
50 3349 126 3430 Lyn.
147 3347 234 3412 1265.
255 3347 319 3408 soil.
343 3345 478 3408 Aeneam
499 3367 560 3406 una
581 3364 651 3406 cum
671 3343 891 3408 Andromacho
912 3347 1065 3428 captivum

30 3445 225 3530 Neoptolemo
256 3449 287 3508 iu
309 3445 496 3508 Pharsaliam
525 3445 690 3506 obductum
710 3467 784 3507 esee.
828 3443 890 3504 Alii
913 3442 1004 3505 aliter
1029 3445 1068 3505 de

21 3566 108 3609 eneae
139 3546 209 3609 letis
241 3545 383 3608 retulere.
415 3567 447 3607 v.
476 3545 578 3629 Heyn.
610 3543 652 3606 od
681 3545 759 3606 Aen.
791 3547 832 3609 ΙΙ.
865 3541 939 3604 Euo.
960 3535 1066 3605 xvn.

17 3645 98 3724 ,431
121 3669 169 3730 eq.

58 3749 149 3833 filins
165 3747 306 3810 Hectoris
317 3747 436 3810 Heleno
444 3744 591 3823 concedit)
631 3741 865 3806 Andromachen
877 3751 1003 3804 matrem
1017 3763 1071 3805 re·
1169 3785 1173 3794 -

17 3867 88 3912 uum
117 3850 170 3912 elii
201 3849 325 3912 vivente
345 3848 562 3931 Neoptolemo,
590 3865 661 3907 oum
681 3845 806 3905 domum
828 3864 968 3906 reversus
989 3845 1070 3907 Her-

17 3951 109 4012 unnen
131 3961 265 4032 peteret,
288 3951 338 4011 alli
359 3959 428 4034 post
448 3947 638 4029 Neoptolemi
661 3943 785 4006 eaedem
808 3941 925 4006 Heleno
946 3967 1071 4007 conces·

17 4067 54 4110 un
74 4053 211 4118 trudunt.
235 4073 264 4118 v.
287 4053 324 4112 ad
345 4052 402 4112 lib.
424 4049 478 4110 Vl.
507 4049 552 4112 15.

72 4175 194 4218 contem
208 4155 323 4216 tremulo
337 4157 402 4214 eius
424 4154 591 4236 deponunt)
612 4149 735 4210 Taeleee
756 4145 786 4208 in
808 4145 1064 4210 eobolodPortb.

17 4271 62 4329 ut.
78 4253 161 4339 Pepli
175 4255 207 4317 in
218 4255 338 4316 lliooem
346 4251 531 4315 Tel.Troiae
542 4248 695 4333 sepultum
708 4249 890 4332 epigramma
900 4247 1069 4313 afferthoot
