2782 4700
421 345 516 398 rems
542 346 850 400 notititiam.
989 409 991 416 Α
1106 329 1180 402 935

98 543 282 618 Ceterum
314 537 445 614 Thetis
473 535 544 614 ubi
578 538 827 615 Hermionam
861 537 984 616 Oresti
1011 537 1183 616 iunctam

97 657 223 748 videt,
258 654 568 732 Andromacham
593 675 710 761 portu
733 655 927 760 gravidam
950 681 997 732 ex
1020 657 1184 760 Neopto·

98 773 203 850 lemo
227 773 404 848 Molossos
427 771 560 862 mittit,
588 770 722 849 dolum
747 772 889 849 Orestis
913 770 1070 875 eiusque
1094 797 1185 850 eon·

99 891 202 994 iugis
226 889 381 966 insidias
404 888 452 964 de
477 888 735 966 interimendo
759 889 866 967 foetu
889 888 1041 966 evitans.

199 1006 301 1080 XlV.
352 1009 426 1080 Per
450 1002 552 1080 idem
577 1023 728 1110 tempus
755 1005 891 1094 Ulixes,
923 1004 1077 1080 territus
1101 1029 1181 1080 cre-

100 1119 184 1198 bris
209 1121 380 1224 auguriis
405 1121 637 1224 somniisque
661 1121 834 1206 adversis,
860 1147 992 1198 omnes
1010 1118 1185 1223 undique

99 1237 267 1340 regionis
281 1239 363 1314 eius
381 1235 661 1342 interpretandi
673 1239 819 1314 somnia
832 1237 1076 1344 peritissimos
1094 1262 1184 1313 eon·

101 1353 234 1431 ducit:
258 1353 394 1457 bisque
419 1353 538 1430 refert
562 1353 666 1432 inter
690 1372 832 1446 cetera,
865 1358 987 1428 visum
1010 1349 1086 1426 sibi
1106 1375 1187 1426 sae-

94 1476 187 1572 pius
218 1471 456 1546 simulacrum
487 1471 691 1576 quoddam,
735 1475 832 1548 iuter
864 1471 1062 1545 humanum
1095 1466 1188 1542 divi-

100 1615 261 1693 numque
294 1590 440 1667 oudam
459 1591 618 1692 formae
647 1585 935 1691 perlaudabild,
974 1611 1026 1662 ex
1059 1584 1188 1660 eodem

100 1710 187 1784 toro
209 1725 356 1808 repente
381 1709 461 1786 edi:
499 1709 600 1815 quod
624 1709 814 1810 complecti
836 1729 976 1782 summo
1000 1701 1188 1780 desiderio

100 1827 268 1923 cupienti
299 1821 391 1915 sibi,
424 1827 705 1928 porrigentique
729 1847 876 1908 manus,
902 1843 1116 1921 responsum
1139 1817 1188 1892 ab

101 1963 148 2014 eo
174 1939 335 2014 humana
357 1963 462 2026 voce,
485 1942 700 2016 sceleratam
725 1935 938 2016 huiusmodi
962 1939 1188 2012 coniunctio-

100 2081 196 2146 uem,
216 2060 351 2159 quippe
367 2055 530 2132 eiusdem
546 2060 741 2157 sanguinis
759 2073 868 2160 atque
886 2057 1066 2154 originis:
1089 2077 1189 2126 ηαηι-

13 2195 14 2200 ’
100 2197 175 2276 que
198 2201 250 2249 ex
276 2198 320 2249 eo
344 2175 501 2250 alterum
515 2175 669 2268 alterius
686 2199 799 2274 opera
818 2177 1061 2247 interituram.
1087 2167 1188 2244 Dein

98 2295 273 2366 versanti
293 2289 368 2366 sibi
389 2293 653 2383 vehementius,
679 2295 910 2393 sapientique
934 2312 1082 2362 eausam
1106 2291 1186 2362 eius

100 2409 162 2480 rei
188 2405 419 2506 perdiscere,
455 2412 603 2508 signum
621 2404 815 2510 ¹quoddam
848 2409 946 2479 mari
968 2402 1105 2476 editum
1131 2405 1186 2476 in·

101 2527 282 2597 terrenire
306 2527 449 2598 visum:
475 2521 585 2625 idque
609 2521 809 2598 seeundum
827 2524 1018 2620 imperium
1042 2520 1120 2593 eius
1145 2521 1186 2590 in

101 2663 145 2712 se
170 2641 320 2730 iacturis,
348 2657 540 2744 utrumque
563 2639 784 2716 diiuuaeisse.
835 2639 962 2736 Quam
987 2659 1069 2710 rem
1092 2659 1186 2708 cun·

171 2991 239 3045 stet
258 2993 359 3057 mittit,
378 2991 470 3048 dolum
490 2997 592 3050 Orestis
609 3012 631 3050 e.
650 3011 712 3048 eon.
731 2997 783 3049 im.
807 2990 840 3046 de
859 2977 910 3045 itit.
919 2987 948 3062 s
969 2989 1076 3040 evisam
1111 2985 1186 3038 llere

100 3061 186 3114 lectio
209 3071 250 3114 est
274 3063 321 3116 Ed.
345 3065 445 3123 Ptine.
470 3083 585 3138 quacum
611 3065 740 3118 contenit
758 3065 785 3118 S.
806 3062 876 3116 Gall.
898 3077 947 3112 see
971 3058 1016 3124 lx,
1035 3057 1077 3109 nis
1111 3053 1187 3126 qnod

98 3149 151 3202 pro
181 3135 285 3186 Orestis
310 3133 411 3186 lrabeat
436 3139 564 3194 Oresten
594 3153 675 3208 quem
705 3133 862 3188 Genitisurn
882 3131 1002 3183 libenter
1021 3141 1187 3196 reciperem,

98 3211 192 3255 motas
210 3203 357 3271 disputatis
375 3207 490 3258 Heinsio
515 3206 549 3258 stl
574 3205 653 3260 ortt
675 3207 737 3256 Her.
756 3206 826 3257 Vlll.
844 3223 870 3274 9,
889 3204 941 3254 nisi
958 3199 1031 3252 idem
1050 3197 1107 3250 llS.
1125 3213 1187 3282 eum

99 3277 201 3326 esteris
219 3274 323 3344 ubique
343 3285 499 3330 constanter
520 3279 672 3330 retinerent
692 3276 785 3331 Genit.
804 3277 915 3332 Orestis.
950 3270 1086 3323 Convenit
1103 3273 1188 3320 ettam

100 3343 149 3396 Ed·
171 3343 237 3398 obs.
251 3359 259 3408 ς
275 3345 330 3398 nisi
370 3347 424 3399 uod
442 3347 473 3400 in
490 3345 608 3419 haspro
630 3347 739 3401 evitans
755 3346 791 3396 sit
807 3345 908 3398 verita.
946 3342 981 3392 tt
1001 3355 1022 3391 e.
1041 3343 1067 3394 8.
1085 3335 1189 3392 insidi·

100 3431 133 3465 '¹
151 3415 268 3468 ‘'5¹³⁸''
290 3415 325 3474 ⁰f·
349 3361 439 3468 2¹⁰⁸&
460 3417 534 3470 ⁸1¹0*
554 3435 582 3486 7.·
622 3417 653 3468 ln
676 3423 740 3470 cett.
765 3415 844 3490 libris
865 3414 950 3468 mults
974 3427 1033 3461 cnm
1054 3409 1188 3460 verietate

97 3484 205 3606 L‘illlu‘
219 3485 287 3538 Mol·
305 3487 389 3539 mittis
405 3487 523 3552 domam,
546 3491 666 3543 Orestem
683 3487 799 3560 eiusque
817 3487 960 3557 coniugem
976 3479 1009 3535 de
1023 3479 1188 3534 interissen-

118 3573 135 3608 ο
202 3567 233 3608 tu
253 3558 370 3610 evitans·

148 3555 242 3676 silelv·
275 3627 468 3700 peritissimos)
503 3629 575 3681 cent.
603 3625 688 3680 addit
716 3639 800 3700 atque
822 3623 1021 3679 solertissimos.
1058 3619 1089 3670 ln
1109 3633 1187 3688 seqq.

98 3693 151 3748 ed.
175 3695 260 3751 llere.
285 3705 313 3748 et
334 3697 399 3749 Obr.
423 3697 630 3768 perlaudilsilis.
666 3699 714 3750 Pro
737 3713 854 3768 namque
876 3713 911 3748 ex
936 3709 968 3745 eo
987 3687 1138 3757 Wopkens.
1160 3705 1187 3755 p.

100 3767 159 3817 '⁰³‘
181 3765 242 3818 '¹¹¹²
258 3777 342 3838 ΜΨ
358 3785 393 3820 ⁶2
410 3781 449 3822 ⁶⁰·
486 3771 536 3822 Pro
548 3769 674 3821 versanti
687 3767 758 3819 Crat.
768 3764 952 3839 percontanti.
966 3777 1000 3815 ex
1012 3761 1082 3812 mels
1092 3759 1187 3828 glossa.

96 3835 150 3889 Pro
171 3839 341 3890 interuenire
360 3837 408 3889 et.
431 3839 515 3892 l’rine.
535 3841 725 3893 intervenisse.

169 3905 339 3978 diiumisse)
375 3910 401 3962 S.
419 3907 491 3962 Gall.
509 3926 572 3980 opp.
588 3907 638 3960 diu
658 3909 763 3962 uixisse
781 3906 832 3956 ie.
853 3900 1019 3962 diiunxisse
1037 3907 1069 3951 nt
1083 3893 1186 3949 diserte

93 3977 202 4045 legitor
217 3977 245 4028 in
264 3977 290 4032 S.
309 3979 381 4036 Gan.
399 3995 451 4031 see
470 3979 506 4031 tx
518 3990 546 4032 et
565 3979 616 4033 Ed.
634 3977 727 4037 Prius..
749 3970 1003 4042 editumquerolui.
1025 3969 1114 4037 Quam
1128 3969 1185 4020 ior-

95 4049 280 4168 “Piudpniim
290 4065 330 4168 gx
343 4050 453 4169 optipis
468 4057 496 4170 sp
509 4050 708 4174 egtiqtsissimls
723 4046 801 4170 mni
811 4037 1186 4181 iratistugiiitiipiismii'ffi‘

93 4135 139 4168 '¹'
190 4134 253 4176 ⁰⁰¹·
312 4135 402 4171 ΝΜ
432 4138 504 4186 vett.
542 4137 698 4176 sssssusrssse.
720 4147 754 4164 -
792 4131 854 4168 ure
895 4151 901 4167 .
984 4143 991 4160 ·
1065 4146 1071 4158 .
1181 4150 1185 4158 .

94 4188 185 4243 Ptine.
205 4189 346 4248 exitialem
364 4193 391 4246 ei
405 4194 607 4262 prouisueiant.
