2782 4700
274 265 283 296 Ι

205 357 276 430 198
570 357 691 424 oraru
723 336 902 426 emenus

199 591 267 644 vae
299 563 447 644 dcam
480 591 599 669 quam
623 564 968 644 honoratissimum.
1016 568 1117 643 Tum
1141 563 1279 642 accitus

197 683 356 761 adeam
382 707 464 760 rem
488 684 659 780 Helenus
679 701 837 768 cuncta,
869 709 970 787 quae
997 684 1097 760 clam
1120 709 1158 759 ae
1182 701 1280 786 gesta

197 819 332 892 erant,
366 825 411 878 ac
441 798 474 876 α’
509 823 684 905 praesens
716 797 914 890 adfuisset,
939 797 1076 877 ordine
1099 801 1278 904 exponit,

196 917 400 1021 additque,
415 916 535 1014 finem
560 921 635 988 iam
657 915 848 991 advenisse
874 917 1117 992 ttonnarum
1140 940 1277 991 rerum:

196 1041 332 1141 quippe
365 1059 439 1139 quo
474 1035 637 1108 maxime
668 1049 936 1108 sustentaretur
959 1059 1100 1110 swnma
1123 1039 1280 1110 civitatis

194 1159 297 1240 eiua,
321 1149 535 1226 Palladium
545 1149 694 1250 fuisse,
719 1173 793 1251 quo
817 1145 944 1223 ablato
967 1155 1124 1224 ezitircn
1151 1155 1279 1250 ingru-

196 1291 272 1344 ere.
332 1265 502 1341 Ceterum
542 1263 681 1339 donum
719 1263 910 1338 Minervae
937 1263 1066 1364 fatale
1111 1267 1280 1340 troiana

196 1407 287 1476 esse,
311 1407 442 1482 mutam
471 1381 576 1482 ligno
587 1379 869 1483 sabrffactnm,
882 1383 1019 1481 forma
1044 1385 1196 1483 ingenti,
1222 1407 1281 1456 cu·

195 1506 257 1577 ius
292 1495 552 1600 magnitudine
587 1500 685 1570 muri
719 1495 885 1570 solvendi
917 1514 1053 1582 essent,
1095 1497 1281 1574 adnitente

192 1631 306 1721 atque
330 1613 553 1690 administro
585 1609 790 1687 Antenore.
846 1611 948 1712 Deiu⁸
974 1611 1195 1688 recordatae
1219 1639 1282 1718 pa-

193 1750 344 1810 rentem
370 1729 569 1806 Priamum
594 1725 841 1830 residuosque
866 1727 1019 1819 fratres,
1043 1728 1178 1804 ilatum
1205 1727 1282 1805 edit

192 1843 480 1932 mieembilemt
534 1861 799 1921 consternatus
842 1843 912 1952 per
955 1844 1125 1921 dolorem
1151 1865 1281 1952 atquc

193 1961 479 2071 obstupefactus
506 1961 599 2039 ruit.
648 1963 751 2037 Tum
774 1960 944 2065 Pyrrhus
966 1963 1169 2038 collectum
1194 1989 1283 2038 cum

196 2079 462 2183 reiectumque
498 2075 619 2155 animi
658 2075 708 2154 ad
749 2101 787 2154 se
821 2073 996 2168 deducit,
1036 2077 1283 2182 custodesque

194 2195 323 2287 addit,
362 2193 524 2284 veritus,
561 2219 612 2270 ue
635 2219 714 2296 qua
739 2217 809 2298 per
832 2217 923 2270 eum
957 2191 1149 2278 hostibus,
1183 2218 1282 2298 quac

195 2331 296 2418 gaeta
326 2329 452 2395 eraut,
484 2310 722 2418 patefierent.
773 2305 889 2406 Quod
914 2308 984 2384 ubi
1009 2311 1177 2385 Helenus
1200 2335 1283 2415 per

196 2429 336 2513 tenuit,
369 2424 587 2531 Pyrrhum,
625 2424 683 2501 uti
722 2423 869 2500 bonum
909 2425 1084 2500 animum
1119 2441 1281 2527 generet,

198 2545 389 2634 hortatur,
416 2567 595 2616 securum
617 2541 677 2616 cui
704 2557 1029 2642 secretorumque:
1056 2563 1224 2641 namque
1247 2564 1284 2615 re

201 2687 292 2738 cum
323 2685 368 2736 eo
392 2657 508 2735 etiam
536 2674 620 2763 post
644 2657 792 2762 patriae
816 2655 1008 2732 excidium
1033 2655 1164 2732 multia
1191 2674 1283 2732 tem·

200 2775 408 2884 pestatibus
432 2776 474 2850 in
494 2773 653 2852 Graecia
681 2791 933 2848 moraturum.
984 2777 1119 2875 ltaque
1143 2790 1189 2848 ut
1211 2775 1284 2848 He·

200 2893 289 2968 leno
315 2891 531 2995 placuerat,
557 2889 679 2965 multa
707 2887 888 2978 materies,
914 2913 1013 2990 quae
1037 2907 1126 2992 apta
1151 2888 1283 2964 huius·

202 3005 305 3082 modi
332 3004 499 3079 fabricae
523 3003 742 3096 videbatur,
778 3029 848 3110 per
879 3003 1021 3110 Epium
1055 3023 1172 3109 atque
1196 3005 1282 3082 Aia-

202 3149 282 3198 cem
301 3118 402 3196 Oilei
423 3117 591 3197 advecta.

203 3377 443 3394 ...ιη’-ΙΙ..-

276 3555 321 3609 tx.
357 3555 421 3616 don.
440 3575 522 3628 aaran
547 3557 686 3626 donarat.)
722 3558 848 3612 Oudead.
877 3559 910 3612 ad
931 3561 1009 3622 aput.
1032 3561 1095 3614 Met
1114 3563 1157 3613 iil.
1177 3579 1203 3632 p.
1228 3567 1285 3617 tiit·

206 3625 294 3679 iocum
314 3628 352 3676 iu
371 3630 486 3684 extulit:
505 3625 605 3680 donrun
623 3647 705 3701 qrram
722 3629 899 3700 magnifieum
916 3645 942 3684 et
957 3631 1203 3685 honoratissimum.

274 3715 348 3769 qnae
366 3699 436 3752 elam
454 3718 481 3750 aa
499 3705 588 3766 gestu)
632 3699 678 3750 tat.
698 3701 779 3756 Mora.
800 3708 828 3750 rt
849 3701 956 3754 Cioian.
976 3701 1010 3751 ad
1033 3705 1110 3753 Ouid.
1130 3705 1195 3755 Met.
1214 3704 1282 3754 ΧΙΙΙ.

206 3767 265 3835 ³37.
285 3785 358 3838 quae
377 3785 460 3821 antea
479 3783 553 3836 garta
573 3781 662 3825 erant,
699 3770 724 3818 S.
749 3769 819 3822 Gaii.
841 3787 904 3840 opp,
923 3779 950 3822 et
970 3770 1018 3826 Ed.
1037 3773 1110 3824 crat
1129 3791 1200 3844 qnae
1218 3787 1282 3826 ante

205 3856 233 3891 te
251 3851 336 3907 gesta.
355 3838 401 3890 Ed.
422 3843 504 3890 Priuc.
543 3837 659 3892 :taedam
679 3859 712 3892 ae.
735 3842 751 3889 i.
771 3857 793 3890 c.
814 3857 888 3910 qnae
905 3843 976 3894 ciana
994 3859 1041 3902 aa,
1062 3849 1092 3895 ui
1108 3850 1181 3894 rucio
1200 3843 1285 3894 haht-

205 3913 249 3958 tur
270 3910 299 3960 in
318 3911 345 3966 S,
358 3907 427 3960 Gatt.
446 3927 497 3960 aere.
514 3861 576 3970 lli„
598 3913 672 3962 Brrn.
691 3917 719 3960 et
736 3908 783 3960 Ed.
803 3911 872 3967 otn.
887 3912 950 3962 Mon
973 3912 1079 3971 satiati,
1097 3930 1157 3980 opp,
1171 3915 1286 3985 juiaaet,

204 3977 252 4030 Ed.
271 3981 343 4032 (irat.
363 3987 390 4030 et
408 3981 512 4030 Ciusan,
533 3981 548 4030 Ι.
568 3982 585 4032 Ι.
606 4001 662 4033 raon
682 3997 770 4041 secter,
791 3995 823 4032 ac
840 3983 866 4033 ei
884 3981 1135 4052 praeamrfiiiaset.

272 4067 374 4104 summa
393 4051 478 4112 eicit.)
510 4049 615 4100 scau.
634 4067 696 4118 opp.
716 4060 743 4102 et
771 4049 818 4102 Ed.
838 4051 923 4108 Princ.
941 4069 1069 4103 summam
1088 4055 1143 4105 civ.
1162 4055 1235 4108 Crat.
1257 4061 1285 4106 et

205 4117 310 4170 Ciosau.
330 4119 347 4169 1.
370 4119 386 4175 Ι.
408 4134 627 4184 sustentaretur,
645 4139 774 4174 suminam
792 4122 920 4174 ciuitatis
940 4119 1117 4190 Pciifitiue.

276 4188 450 4250 administro,
494 4191 569 4244 Rern.
587 4199 616 4242 et
644 4191 690 4244 tlt.
711 4192 785 4244 crat
811 4193 944 4246 minuatne.
990 4191 1061 4243 tntu
1080 4191 1150 4248 Crat.
1171 4195 1282 4250 etotn.

203 4270 455 4330 consternatusque.
479 4261 558 4314 Bora.
578 4258 617 4314 ad
631 4279 658 4317 se
685 4261 795 4325 educit,
811 4270 839 4315 et
852 4261 1052 4333 patefacerent.
