2698 4688
238 337 320 388 arur
701 333 872 386 rostanno
929 376 941 402 ,

237 524 412 610 aequalem,
440 533 471 586 et
500 523 568 584 ideo
604 521 738 598 Italica,
769 524 998 610 quae·vulgete
1028 521 1140 586 Stridee
1173 523 1272 586 lectio

239 625 367 700 tribuit,
398 625 526 686 scribere
554 643 615 684 nou
637 625 771 709 potuisse
791 626 970 704 contendit,
1003 645 1093 710 quum
1112 637 1186 688 tune
1212 625 1275 688 Ita

239 746 288 788 res
309 729 342 787 in
363 726 486 788 obscuro
507 739 612 787 essent.

327 827 369 888 ll.
412 825 527 885 Errare
557 836 659 888 autem
694 845 746 888 eos
773 837 809 888 ut
837 835 973 904 constet,
1003 822 1230 888 ostendendum
1267 847 1275 886 t

239 927 336 1008 prius,
359 927 492 986 Greecos
505 925 611 1006 hosce,
634 929 688 1011 qui
707 929 821 1011 Dictyu
846 899 978 988 subinde
999 925 1146 1003 laudant,
1168 945 1234 985 non
1257 947 1275 986 a

240 1025 401 1105 babuisse,
422 1047 516 1108 quarn
544 1025 639 1104 buno,
662 1024 716 1110 qui
740 1027 873 1088 Neronis
891 1027 1028 1109 ternpore
1053 1026 1180 1108 lingitur
1207 1025 1275 1085 inve

241 1133 274 1187 in
304 1127 455 1188 Cretensis
483 1136 583 1188 terrae
611 1127 792 1211 sepulchro,
823 1139 854 1190 et
881 1149 915 1188 ex
940 1148 1001 1210 quo
1021 1126 1187 1210 Septimius
1222 1127 1275 1208 qui

240 1227 387 1290 Latinam
409 1227 489 1292 berc
511 1231 682 1293 tersionem
702 1249 757 1290 seo
779 1229 932 1311 epitomen
952 1227 1039 1288 nolis
1061 1227 1275 1290 concinnatam

241 1325 342 1411 liquit.
385 1327 541 1390 Posterius
563 1328 621 1389 boe
642 1339 754 1412 negant
774 1339 877 1390 temen
899 1349 970 1390 curn
990 1327 1053 1400 elii,
1076 1337 1143 1388 tum
1166 1325 1275 1386 Vossiu

244 1425 325 1492 Hist.
343 1427 402 1489 Lat
419 1471 430 1505 ,
453 1425 485 1487 iri
499 1427 663 1512 Septlmrb:
685 1437 851 1512 unumque
869 1449 944 1490 vero
958 1427 1019 1490 los.
1038 1427 1194 1488 Mereerus
1212 1425 1275 1487 etl

236 1527 336 1604 ¹Fabri
370 1529 403 1590 in
441 1528 530 1590 Notis
559 1529 599 1592 ad
627 1529 795 1613 Prologurn
827 1531 922 1592 nostri
944 1531 1076 1592 auotorie
1097 1527 1187 1590 etad
1209 1526 1265 1588 lib.

243 1651 314 1712 rep.
337 1650 391 1692 21.
434 1631 521 1710 Quos
542 1629 594 1692 alii
620 1629 757 1714 plerique
776 1641 957 1714 sequuntur.
1001 1629 1068 1714 Ego
1082 1649 1155 1692 vero
1167 1633 1275 1712 neutiq

243 1730 303 1796 illis
325 1737 494 1816 essentiar3
516 1743 546 1794 et
565 1737 767 1814 eontrarium,
790 1736 850 1801 aiei
872 1731 975 1812 fallor,
993 1731 1124 1817 liquebit
1143 1731 1275 1794 clarissin

244 1835 278 1894 io
301 1833 428 1896 modum
449 1855 484 1896 ex
505 1835 554 1910 iis,
576 1856 656 1918 quae
676 1835 786 1902 dicam.
828 1835 920 1896 Prius
941 1843 1043 1896 autem
1063 1833 1243 1913 ostendam,
1263 1855 1275 1918 q

243 1935 329 2020 prius
358 1937 467 2017 posui,
496 1936 630 1998 Graecos
664 1933 757 1997 modo
784 1944 969 1997 memoretur
997 1955 1060 1997 eon
1083 1933 1178 1996 aliurn
1201 1932 1275 1994 bebi

242 2047 295 2104 aut
316 2037 435 2099 novisse
456 2037 592 2120 Dictyn,
614 2057 707 2121 quem
729 2035 815 2098 buno
834 2037 984 2120 Septimii.

329 2135 389 2198 111.
433 2136 469 2198 ld
499 2157 607 2198 verum
634 2137 828 2198 manifestum
853 2158 889 2198 ex
918 2157 974 2211 eo,
1003 2135 1087 2219 quod
1114 2155 1202 2198 suum
1228 2136 1275 2196 Dii

244 2247 412 2322 agnoscunt
436 2236 541 2300 itidem
561 2248 697 2321 tempore
721 2238 845 2300 demum
866 2237 987 2300 Claudii
1009 2239 1058 2300 vel
1082 2237 1214 2300 Neronis
1235 2240 1275 2298 ini

244 2348 324 2418 tum,
345 2349 376 2400 et
393 2337 502 2401 eodem
522 2338 647 2420 quidem
668 2339 771 2413 modo,
794 2360 856 2421 quo
876 2337 909 2398 id
930 2337 1017 2400 nobie
1039 2349 1143 2401 narrat
1165 2337 1275 2420 Septim

245 2441 311 2508 scil.
333 2441 365 2502 in
386 2439 548 2525 sepulebro
563 2439 664 2512 illius,
687 2450 721 2501 ut
743 2441 848 2514 aiunt,
870 2439 1016 2524 Dictyos‚
1040 2449 1145 2523 aperto
1169 2449 1275 2522 perte

245 2552 385 2622 mum,
412 2554 446 2605 et
474 2543 542 2605 istie
562 2539 687 2625 quidem
707 2537 743 2603 ἐν
764 2535 971 2626 κασσιτερίνῳ
991 2535 1143 2628 κιβωτίῳ,
1172 2543 1205 2602 in
1235 2554 1275 2600 uu

248 2657 388 2708 mma.
430 2645 478 2706 lte
495 2653 578 2706 oerte
597 2641 709 2704 Suides
728 2652 759 2704 et
780 2642 826 2702 io.
841 2638 978 2716 ibaldus,
998 2661 1091 2726 quern
1106 2639 1208 2702 videas
1226 2652 1275 2702 etr

246 2745 349 2810 Latini
384 2745 511 2831 Diotyoe
544 2741 686 2828 Pruloqis
716 2743 857 2806 conteras
885 2739 978 2803 velim
1011 2763 1044 2826 p.
1072 2739 1129 2805 168
1154 2752 1185 2804 et
1214 2763 1275 2804 mar

246 2867 279 2932 p·
305 2850 379 2912 bea.
655 2907 657 2916 ,

332 2947 390 3010 tv.
433 2946 514 3009 Nem
535 2945 618 3030 quod
645 2945 704 3008 sub
727 2943 859 3008 Claude
881 2945 1002 3028 proprie
1025 2944 1183 3006 inventurn
1202 2941 1275 3004 tradi

247 3067 340 3132 quen
359 3047 523 3128 Septimius
544 3045 604 3108 aab
627 3045 749 3108 Nerone
770 3047 825 3118 ait,
848 3044 881 3105 id
898 3055 1001 3106 ortum
1021 3063 1058 3106 ex
1078 3063 1136 3121 eo,
1157 3041 1237 3126 quod
1259 3042 1275 3102 b

248 3165 345 3229 oeque
370 3167 408 3208 eo
431 3145 484 3208 ille
502 3141 650 3208 sseudius
671 3143 796 3207 aaut
815 3143 950 3206 Nemnir
967 3143 1145 3206 nominibus
1164 3143 1219 3206 fuit
1238 3163 1275 3226 ap

247 3245 349 3325 letus;
379 3265 459 3328 quse
483 3244 611 3308 nomine
633 3256 665 3306 et
692 3245 725 3305 in
747 3242 806 3306 heo
826 3243 952 3306 historie
975 3244 1058 3329 apud
1081 3241 1219 3307 Malelarn
1239 3264 1275 3324 pr

247 3348 316 3412 loeo
336 3349 441 3410 iubete
460 3346 677 3432 reperiunturr
696 3340 835 3430 εὖρέθη,
864 3345 985 3429 iuquit,
1015 3345 1072 3408 tut
1091 3339 1253 3408 Klubdr'ou
1274 3397 1275 3406 ,

247 3467 350 3532 purae
370 3447 527 3529 βασιλέως
556 3445 593 3510 dr
622 3446 776 3535 κιβωτίῳ,
804 3449 956 3548 ipserum
980 3461 1023 3509 ert
1043 3445 1103 3509 boo
1124 3466 1197 3528 opus
1215 3445 1275 3504 Dict

248 3564 382 3636 ternpore
401 3549 526 3612 antrat
543 3547 674 3612 Nerone
701 3549 784 3634 Imp.
807 3550 842 3610 in
862 3549 985 3612 arada.
1030 3547 1112 3609 Hine
1137 3548 1195 3608 iarn
1215 3547 1275 3606 sacti

249 3661 285 3714 ut
304 3651 485 3734 poeterioree
505 3649 668 3727 Greeordi,
689 3670 753 3712 uno
775 3648 815 3712 ad
836 3647 1057 3733 designandum
1078 3651 1159 3710 bone
1178 3647 1275 3728 lmpen

249 3773 316 3816 rem
337 3751 512 3816 destructuri
533 3755 667 3832 nornine,
689 3753 777 3836 prius
793 3753 982 3836 podrebrun
998 3750 1189 3833 arripuerint,
1207 3757 1236 3808 et
1248 3745 1275 3808 Cr

249 3853 334 3918 diem
356 3851 534 3938 simplieiter
553 3852 698 3932 dixerint,
721 3863 757 3916 ut
774 3852 839 3937 ipse
858 3853 931 3915 feeit
945 3850 1072 3914 Meleles
1087 3847 1243 3934 posteriore
1258 3845 1275 3908 lt

249 3956 305 4038 qui
323 3963 427 4018 temen
445 3965 512 4018 eret
531 3955 626 4018 Nero.
667 3953 828 4038 Frequens
846 3955 897 4016 hie
913 3975 1000 4016 error
1018 3953 1109 4014 etiem
1130 3949 1206 4033 epod
1219 3949 1275 4010 Leti

250 4055 432 4138 seriptores,
453 4077 490 4120 ex
520 4057 630 4120 iisdem
656 4056 861 4136 diversorum,
882 4056 936 4118 sed
956 4055 1182 4138 proximorum,
1208 4052 1275 4132 impr

248 4165 357 4216 torum
380 4155 557 4218 nominibus
576 4169 676 4220 ortus.
720 4156 790 4239 lpse
806 4156 968 4218 Suetonius
989 4155 1031 4216 ite
1053 4139 1166 4214 Neroni
1185 4149 1275 4211 tribuit

251 4257 317 4320 eius
340 4255 405 4322 viu
425 4277 494 4342 esp.
518 4277 566 4344 17.
596 4277 675 4343 quae
699 4256 820 4322 Claudii
841 4265 940 4320 erent.
983 4253 1064 4320 Vide
1084 4251 1275 4334 Elegurnisun
