2782 4700
226 289 300 360 230
611 303 729 356 arears
755 305 932 358 cumensis

225 496 355 576 tradit.
405 496 502 576 Inde
526 493 674 573 iuvenis
706 521 795 570 cum
828 522 899 572 avo
930 521 976 574 ae
1007 493 1188 588 Thetide,
1222 497 1305 574 reli-

223 616 389 720 quisque
425 614 494 719 qui
526 639 655 690 seeum
679 612 967 713 navigaverant,
990 639 1178 688 summam
1202 615 1305 717 regni

224 733 403 837 adeptus,
427 732 472 808 in
496 731 688 807 civitatem
712 729 827 805 venit
877 729 936 806 Ibi
963 757 985 806 a
1010 730 1158 806 eunctis
1181 758 1304 835 popu·

222 851 384 940 laribus,
420 848 566 950 quique
599 847 706 922 iuxta
740 844 1000 922 inhabitantes
1034 847 1106 922 sub
1143 847 1305 952 imperio

222 966 304 1040 eius
337 964 515 1066 agebant,
549 961 714 1064 benigne
738 979 777 1035 et
801 987 890 1038 cum
916 959 1172 1064 gratulatione
1196 986 1300 1038 exee-
1376 971 1377 980 ’

223 1099 322 1186 ptua,
348 1103 517 1154 amorem
540 1077 601 1154 sui
626 1076 733 1152 brevi
759 1077 971 1152 confirmat

321 1197 367 1272 X.
418 1197 523 1270 Haec
554 1219 622 1297 ego
649 1211 788 1270 cuncta
811 1194 861 1268 ab
884 1195 1131 1298 Neoptolemo
1156 1195 1307 1297 cognita

221 1308 320 1386 mihi
344 1311 550 1402 memoriae
575 1308 763 1400 mandavi,
790 1309 933 1384 accitus
957 1310 1007 1383 ab
1031 1334 1087 1402 eo,
1111 1337 1190 1413 qua
1218 1330 1307 1388 tem·

221 1445 366 1533 pestate
383 1427 634 1502 Hermionam
649 1428 815 1502 Menelai
843 1427 886 1502 in
908 1425 1202 1504 matrimonium
1231 1455 1307 1505 sus-

224 1561 388 1648 ceperat.
447 1543 507 1621 Ab
539 1569 584 1620 eo
609 1543 725 1618 etiam
750 1540 797 1616 de
816 1543 990 1645 reliquiis
1008 1543 1228 1620 Memnonis
1249 1573 1306 1622 co-

221 1659 375 1760 gnitum
399 1659 513 1750 mihi,
547 1676 594 1734 ut
620 1656 760 1734 tradita
786 1683 863 1734 ossa
888 1659 970 1733 eius
994 1655 1100 1761 apud
1125 1657 1306 1736 Rhodum

222 1773 292 1865 bis,
317 1774 387 1877 qui
413 1801 502 1850 cum
526 1774 734 1865 Phalante,
760 1773 857 1850 duee
880 1775 1105 1864 Memnonis,
1131 1776 1231 1852 mari
1258 1775 1305 1852 ad

216 1893 376 1998 *Troiam
392 1893 565 2000 proiecti,
585 1889 744 1970 duotore
762 1891 962 1970 interiecto
979 1892 1184 1998 oblataque
1196 1921 1305 2000 prae-

291 2211 352 2250 cum
371 2213 423 2248 auo
442 2211 476 2248 ee
503 2190 754 2266 maritimaeque
773 2193 819 2264 ue)
853 2194 933 2248 Bern.
956 2194 1065 2250 invenis
1087 2194 1197 2253 araride
1221 2201 1305 2271 reliq.

220 2267 338 2336 uterque
359 2265 384 2314 S.
406 2265 476 2317 Gall.
497 2281 556 2320 eum
574 2281 626 2316 nro
650 2213 777 2318 actarde
796 2266 876 2336 reliq.
911 2265 959 2322 Ed.
977 2266 1062 2319 Ptine
1082 2283 1141 2320 eum
1158 2287 1209 2322 evo
1230 2285 1305 2325 aete·

218 2331 276 2388 ride
294 2337 377 2409 reliq.
416 2335 498 2388 Videt
525 2342 598 2385 reete
625 2337 739 2403 exprimi
763 2335 792 2386 in
816 2335 866 2388 Ed.
886 2334 957 2390 Crat.
977 2344 1006 2388 et
1025 2335 1106 2388 Merr-
1128 2353 1187 2390 eum
1205 2359 1263 2392 ervo
1282 2352 1305 2392 et

217 2404 256 2474 (le
274 2442 281 2457 ·
303 2409 349 2472 ee)
369 2405 481 2461 tteride
498 2405 687 2477 reliquisque3
708 2414 790 2475 atque
803 2407 875 2458 male
891 2407 921 2458 in
940 2405 989 2465 lid,
1004 2405 1069 2458 0br.
1083 2407 1165 2460 verbe
1180 2425 1214 2463 ee
1232 2411 1305 2468 Dee-

221 2476 247 2530 a·
265 2493 280 2531 e
298 2477 384 2528 eiecta
404 2494 472 2529 esee.
490 2501 524 2518 ·—
542 2474 614 2526 Infra
636 2474 683 2528 Ed.
702 2476 772 2528 Crat.
793 2482 822 2545 et
842 2475 906 2528 Obr.
923 2477 1020 2549 Ibique
1041 2495 1058 2529 e
1080 2481 1198 2532 curretis.

297 2545 328 2600 X.
365 2548 399 2604 at
417 2545 528 2616 Neopt.)
564 2545 613 2628 lta·
623 2544 649 2596 S.
671 2544 742 2598 Gall.
763 2561 815 2598 ret.
826 2553 862 2630 ‘et
879 2545 928 2602 Ed.
948 2547 1044 2630 Ptine,
1060 2562 1117 2601 non
1134 2567 1152 2600 a
1169 2549 1270 2620 Neopt.

218 2613 670 2757 ...etll'tltl.?⁰ltl.
685 2625 768 2739 ill:
785 2616 1161 2756 tiltisttlttzpttt
1175 2635 1305 2744 litat

158 2755 165 2764 “
218 2759 253 2818 ed
265 2759 337 2812 hune
352 2776 436 2832 oeque
452 2707 525 2811 dem
539 2755 638 2826 tetigit,
654 2757 819 2830 plenamque
830 2755 883 2811 ista
897 2757 979 2811 leetlo
993 2757 1072 2811 fidem
1085 2759 1187 2812 meruit
1199 2773 1214 2809 e
1235 2764 1304 2814 ririr

218 2831 316 2892 doctis,
335 2827 382 2898 qui
404 2829 511 2881 tabulae
525 2827 565 2880 de
583 2826 737 2880 Memnonia
754 2827 862 2880 orribue
880 2837 1086 2896 compararunt,
1107 2827 1306 2897 disposuerunt

218 2908 303 2969 etque
327 2899 511 2966 explicarunt,
534 2903 566 2949 ut
592 2897 683 2950 lacobe
701 2899 780 2968 (iiber
802 2897 848 2951 die
874 2899 981 2952 Griler
1002 2897 1051 2950 der
1066 2899 1196 2952 Memnon
1211 2918 1241 2952 u.
1258 2899 1305 2956 die

217 2967 386 3037 Inrebriflen
406 2988 444 3021 en
461 2967 515 3020 deri
531 2965 695 3022 Bildu'r'ulrn
714 2968 855 3022 desselben
861 2989 872 3035 ‚-
897 2969 930 3021 ire
947 2966 1001 3023 den
1019 2967 1230 3040 Denlsebrislerr
1250 2970 1303 3025 der

216 3036 362 3095 Academie
379 3035 430 3090 der
450 3037 683 3110 Wirsemelrajlen
702 3057 737 3092 eu
748 3035 886 3092 Mencken
905 3043 1038 3094 riu-1810.
1060 3055 1085 3107 p.
1098 3041 1150 3108 4.),
1169 3041 1304 3094 Creutzer

219 3107 311 3174 Symb.
337 3116 367 3160 et
383 3105 499 3174 lllytlrol.
520 3106 582 3160 Tbl.
604 3109 626 3162 l.
649 3123 674 3176 p.
693 3109 753 3176 455,
773 3116 801 3159 ct
819 3109 875 3160 alii.
911 3109 995 3179 etqui
1018 3119 1175 3180 corruptum
1199 3123 1305 3164 nomen

218 3175 340 3248 Paphum
367 3193 425 3230 erre
452 3179 509 3230 role
529 3174 648 3228 lucidius
670 3179 738 3240 erit,
763 3179 785 3228 ei
804 3179 851 3248 qui
870 3195 932 3231 erim
951 3181 1028 3231 lstoe.
1047 3195 1106 3250 erp.
1124 3187 1229 3232 narrate
1253 3182 1305 3235 lib.

218 3247 263 3302 tv,
283 3249 309 3314 i.
338 3249 519 3302 coniunxerit.
556 3246 599 3297 lbi
624 3245 685 3302 teil.
712 3247 885 3302 audivimue:
909 3247 1076 3314 Phalantem,
1095 3267 1155 3301 cam
1175 3248 1305 3304 neodem

217 3319 384 3387 appulisset,
403 3333 417 3368 e
438 3315 618 3370 Phoenicibur
636 3325 762 3370 necatum
780 3335 849 3383 erre,
868 3319 982 3389 eiusque
1000 3321 1103 3372 militer
1119 3322 1205 3373 divite
1223 3321 1305 3378 inter

217 3403 246 3444 ee
265 3387 364 3458 praede
380 3403 429 3459 per
447 3386 537 3440 erodi
552 3387 634 3439 urber
654 3403 713 3442 sete
731 3389 912 3442 dietribuisre.
940 3389 1017 3459 Quid
1031 3392 1114 3458 igitur
1130 3399 1222 3459 potest
1239 3407 1305 3444 eer-

216 3459 272 3515 tiur
290 3473 357 3518 esre,
382 3473 463 3526 quam
481 3457 619 3528 scriptoris
640 3461 725 3510 noetri
748 3476 856 3514 manum
876 3459 959 3512 luirre
976 3479 993 3512 e
1014 3459 1054 3513 ud
1068 3460 1211 3514 ilbodum?
1244 3461 1306 3513 Mi-

216 3529 315 3582 litibus
335 3527 503 3590 Memnonia,
530 3527 578 3600 qui
598 3527 727 3580 Phalante
748 3530 894 3584 interiecto
920 3529 948 3580 in
968 3479 1055 3584 triadi
1075 3531 1188 3584 urbibus
1208 3549 1306 3584 mora·

216 3599 333 3660 bantur,
350 3598 449 3652 tradite
468 3606 533 3652 eunt
550 3597 703 3650 Memnonia
721 3615 790 3652 orta.
825 3603 885 3655 llue
902 3599 1024 3668 prolecta
1044 3601 1164 3662 Himera,
1183 3607 1303 3668 repertis

216 3672 391 3794 geppptippue
408 3669 695 3793 orsibulethoenicem
713 3671 842 3742 naviget,
865 3675 895 3726 iu
918 3669 1033 3743 eiueque
1053 3675 1164 3740 regione
1187 3672 1306 3728 nomine

237 3757 318 3792 aroc
340 3756 459 3794 uease
481 3759 537 3793 er.

288 3812 437 3872 Plrnlarrtr)
461 3757 500 3861 ΡΒ.
528 3811 597 3862 Gall.
624 3826 676 3866 aee.
699 3811 751 3874 lli,
770 3810 818 3862 lid.
845 3811 930 3863 Ptine.
954 3817 983 3862 et
1008 3811 1078 3862 Cret.
1097 3811 1234 3865 Pallante.
1272 3815 1305 3870 S.

218 3883 291 3938 Gall.
317 3899 380 3952 opp.
403 3883 557 3938 Pallanum.
587 3885 674 3945 bern„
694 3883 743 3933 Ed.
764 3882 847 3935 blare.
864 3890 893 3933 et
910 3879 976 3933 Obr.
993 3881 1147 3936 Plrallaute.
1183 3881 1305 3937 Phalan-

216 3959 272 4006 tem
290 3951 335 4006 hic
352 3954 477 4009 nominat
495 3953 663 4024 Septimiur‚
691 3967 772 4022 quom
797 3951 845 4001 lib.
866 3949 910 4004 IV.
930 3954 960 4022 4.
975 3951 1107 4006 Piraian:
1133 3969 1222 4024 aeque
1238 3953 1305 4024 Dy-

217 4041 288 4079 mam
306 4031 384 4076 vocat
402 4024 450 4075 lib.
470 4024 489 4076 l.
505 4043 533 4092 9,
552 4039 633 4092 quem
654 4022 703 4074 alii
720 4023 890 4090 Dymantem.

287 4097 361 4150 orari
377 4093 416 4148 ed
436 4095 480 4148 Tr.
497 4095 581 4166 profi)
617 4093 685 4146 'l'ree
706 4094 780 4146 MSS.
807 4102 835 4143 et
858 4091 906 4146 Ed.
924 4091 1123 4145 Priuernate:
1150 4109 1233 4164 quem
1249 4111 1303 4147 u.

218 4163 342 4219 rietatem
360 4165 589 4234 deprehendimus
607 4164 689 4218 etiam
711 4181 767 4237 cap.
786 4167 810 4218 8.
845 4165 993 4234 Autiquam
1012 4163 1083 4218 senti
1096 4179 1173 4217 usur
1185 4165 1304 4222 lormaui
