2602 4690
333 399 605 450 ossenmrmsrs
632 401 669 452 m
694 403 759 450 ιιι.
786 401 842 448 ιιι.
1049 379 1120 453 437

107 585 217 662 disco)
258 585 362 646 Vincit
377 585 556 667 Polypoetes
580 586 704 648 Aiacem
724 586 812 667 Tel,
834 591 951 670 Epeum
972 601 1002 650 et
1022 591 1120 652 Leon·

6 695 124 746 teum.
167 687 259 746 Hom.
303 683 340 745 ll.
376 685 591 752 xx111.826.
660 688 782 748 Ceteros
822 690 915 751 vincit
945 691 1023 751 Aiax
1051 689 1120 756 Tel.

6 785 141 861 Quint.
160 782 231 861 436.
1018 837 1022 849 ,
1183 853 1185 861 Ι

110 884 265 964 luctandi]
284 884 450 966 Praecipua
469 881 559 944 liuius
578 883 753 946 luctationis
772 888 871 970 capito
889 897 960 948 sunt
981 911 1015 950 ex
1031 889 1121 951 Hem.
1179 933 1182 938 ·

6 1007 86 1068 7⁰⁰·
124 978 385 1066 Heloroproorirp
416 981 498 1063 apud
526 985 633 1059 Quint.
663 983 732 1044 215.
763 995 882 1046 certent
911 987 1071 1050 Diomedes
1091 997 1122 1048 et

10 1089 104 1146 Aiax
123 1084 196 1148 Tel.
216 1084 392 1157 Praemium
413 1081 569 1146 dividitur.
611 1083 672 1144 Sed
693 1083 812 1146 diversa
832 1083 908 1146 lreec
931 1084 1059 1148 luctatio
1080 1085 1120 1147 ab
1196 1097 1199 1103 '

10 1187 161 1248 Homeri
183 1195 214 1243 et
235 1185 363 1264 Dictyis.

105 1283 247 1358 cestibus)
287 1281 392 1342 Vincit
415 1279 519 1362 Epeos
539 1279 708 1364 Euryalum
731 1283 822 1346 Hom.
845 1282 917 1348 651.
940 1282 1121 1368 Πυγμαχίῃ

15 1382 192 1466 (pugilatu)
224 1381 304 1463 opud
336 1381 444 1458 Quint.
467 1379 538 1458 ²8-l·
561 1380 741 1444 idomeneus
761 1373 890 1445 ἀκονιτί.
934 1382 1059 1443 Nestore
1074 1391 1121 1442 u-

16 1503 96 1544 men
143 1481 286 1542 hortante
313 1489 432 1542 certent
468 1477 570 1562 Epeus
614 1491 645 1540 et
683 1481 833 1560 Acamas,
866 1503 941 1563 quos
973 1479 1123 1542 dirimunt

19 1580 159 1645 Achivi.

111 1681 295 1765 reliquoque
318 1697 461 1738 manuum
479 1677 657 1756 certamine)
685 1677 819 1740 Videtur
832 1679 980 1762 cogitasse
1004 1679 1044 1739 de
1062 1698 1121 1757 pu.-

21 1801 83 1861 grm
109 1783 197 1840 inter
217 1777 392 1838 Diomedem
415 1787 446 1836 et
470 1777 592 1836 Aiacem
614 1776 702 1853 Tel,
731 1779 761 1837 in
782 1799 842 1859 que
865 1780 965 1840 vietor
985 1777 1121 1838 declara·

25 1889 116 1938 retur
139 1880 188 1951 is,
217 1876 268 1958 qui
305 1878 389 1958 prior
420 1875 594 1936 edversario
630 1861 805 1957 sanguinem
825 1877 960 1937 eliceret.
1014 1877 1121 1935 Vincit
1190 1936 1194 1944 ,

25 1977 207 2042 Diomedes.
231 1975 322 2042 Hom.
338 1973 409 2058 798.
432 1975 592 2036 Pencmtio
611 1975 691 2056 apud
702 1977 809 2056 Quint.
834 1972 903 2058 679.
926 1975 1022 2036 vincit
1042 1975 1119 2035 Aiax

28 2075 101 2138 Tel.
127 2068 259 2139 u’xertrr'.

112 2175 360 2256 Agamemnoni)
380 2173 531 2234 Homerus
551 2175 651 2250 canit,
678 2175 822 2234 exstitisse
844 2171 1023 2234 iaculatores
1036 2171 1118 2255 Agn-

27 2293 226 2336 memnonem
248 2283 279 2331 et
308 2272 498 2349 Merionem3
521 2271 605 2348 illum
634 2283 733 2332 eutem
759 2272 928 2352 praemium
950 2271 1024 2332 huic
1043 2293 1117 2333 eon-

31 2375 163 2436 cessisse.
191 2392 223 2432 v.
251 2371 324 2448 884.
354 2370 513 2450 At'yurs'pc
545 2379 698 2430 certamen
729 2373 820 2431 etiem
839 2391 888 2446 ex
918 2371 1035 2446 Quinto
1067 2391 1119 2429 su-

32 2469 311 2554 praenotavimus.
341 2503 384 2520 ·-
418 2470 549 2546 Nestori)
593 2468 727 2529 Honoris
747 2489 836 2529 cause
859 2467 975 2528 Nestor
1010 2469 1125 2548 eccipit

34 2571 178 2652 poculum
196 2570 288 2630 Hom.
312 2567 399 2646 6153
420 2569 462 2629 ob
484 2567 698 2643 bttsscirarem,
725 2567 769 2627 ait
791 2566 904 2626 Athen.
925 2567 969 2626 X.
991 2587 1022 2646 p.
1044 2561 1119 2642 453.

33 2673 79 2732 Dc
102 2672 194 2734 donis
214 2669 389 2747 Idomeneo,
408 2665 586 2746 Podalirio,
610 2667 772 2728 Machaoni
796 2665 921 2747 aliisque
942 2663 1020 2726 detis
1039 2661 1117 2736 nihil

37 2773 202 2846 Homerus.

115 2891 230 2954 vesper·
242 2867 321 2944 erat)
365 2864 401 2932 ll.
424 2865 542 2932 XXIV.
562 2827 632 2928 init

115 2971 192 3034 XX.
234 2967 484 3048 lucispmner'pio)
508 2973 540 3025 et
569 2963 694 3047 quidem
714 2964 807 3024 tertio
827 2961 944 3023 decimo
964 2924 1030 3044 pest
1052 2959 1116 3021 He-

37 3070 127 3130 ctoris
148 3077 278 3128 mortem
300 3063 362 3128 die.
405 3065 507 3126 Trete.
531 3064 622 3128 Hom.
644 3063 716 3148 275·
759 3064 816 3123 Die
837 3083 885 3124 res
906 3061 1115 3144 geritur-,ce-

40 3171 109 3228 ter'rs
128 3171 320 3228 Graecorum
350 3161 514 3224 ducibus
506 3185 538 3230 m
565 3162 717 3244 colloquio
745 3161 966 3244 praesentibus.
1020 3157 1115 3242 Apud

39 3265 206 3330 Homerum
228 3267 292 3346 ipsa
312 3273 421 3337 nocte,
445 3283 524 3342 quae
544 3261 758 3324 duodecimum
781 3261 862 3323 diem
883 3271 949 3342 pest
974 3259 1116 3319 Hectoris

40 3366 159 3429 eaedem
189 3373 292 3428 secuta
321 3372 385 3440 est,
418 3361 587 3423 Priamus'
580 3374 639 3424 iter
666 3361 814 3424 instituit.
838 3362 936 3422 omnis
957 3380 1006 3418 res
1026 3363 1117 3418 nocte

40 3459 208 3550 peragitur,
244 3461 345 3526 inseiis
377 3463 486 3528 ceteris
522 3463 714 3527 Graecorum
745 3459 895 3523 druihus·
924 3457 1023 3538 prime
1047 3452 1116 3514 luce

42 3567 151 3648 posteri
172 3560 234 3624 diei
264 3561 406 3626 Priamus
436 3559 475 3620 ed
496 3579 568 3624 stus
586 3560 681 3624 refert
702 3559 878 3620 Hectorem.
921 3555 986 3614 ln
979 3551 1048 3633 rpsis
1068 3547 1117 3630 lp-

41 3665 90 3722 tris
108 3663 224 3744 Dietyn
246 3661 430 3741 exscripserc
452 3656 596 3735 statem,
623 3659 778 3724 Cedremts
798 3665 831 3719 et
854 3654 990 3720 Tzetzes.
1014 3651 1115 3726 Quem

43 3759 143 3845 Dictys
164 3767 287 3822 secutus
308 3759 362 3832 sit,
385 3755 460 3818 dicit
480 3757 583 3820 Fuchs
605 3758 731 3837 Quaest.
752 3778 785 3837 p.
817 3773 886 3818 mr.

117 3879 247 3946 quocum
266 3853 487 3920 Andromacha
506 3858 577 3936 cet.)
604 3857 653 3918 De
674 3857 732 3922 hoc
753 3853 820 3916 loco
842 3841 1091 3932 disputartuus'
1082 3865 1114 3908 ro

45 3957 168 4020 Praefert.
190 3980 223 4042 p.
246 3959 364 4020 XXlX.

118 4079 207 4142 quem
226 4055 367 4118 nonnulli
389 4053 615 4120 Scmrmndnirms
636 4051 836 4139 appellabunt)
878 4047 972 4108 Hom
996 4041 1036 4104 ll
1054 4041 1112 4106 Vl·

47 4153 110 4228 too.
131 4152 183 4218 uir
215 4153 247 4236 ῥ’
269 4146 386 4234 Ἕκτωρ,
421 4153 566 4216 καλέεσκε
589 4147 825 4232 Σκαμάνδριον,
847 4139 949 4225 αὐτὰρ
974 4130 1115 4204 olette

46 4247 248 4322 'sororisant
291 4243 355 4330 οἶος
372 4246 432 4334 γὰρ
457 4250 564 4336 ipv'ero
587 4245 683 4318 Ἴλιον
694 4245 827 4330 Ἕκτωρ.
873 4241 993 4306 Ultimis
1014 4239 1116 4304 verbis
