2766 4690
1120 257 1128 294 ι

227 343 301 416 4¹2
521 365 793 420 ousmvemouss
819 363 857 418 m
882 367 948 418 ιιι.
975 367 1015 418 ιι.

225 565 296 618 tuae
315 555 346 617 in
380 555 527 620 tenuem
559 555 624 618 eius
653 555 768 638 positae
798 556 979 637 inscriptum
1002 547 1130 616 ΘΕΙΩΙ
1152 553 1314 616 ΠΑΙΔ-

227 653 807 738 MHAE1‚Pbilostr.Vit.Apollou.
830 655 885 718 tv.
910 677 941 739 p.
965 655 1031 720 150.
1070 654 1119 717 Cf.
1140 651 1253 716 lumbe
1274 655 1312 715 ad

222 754 322 820 Tuetz.
342 755 453 818 Autch.
474 755 547 834 406.

306 857 392 924 xvt.
433 857 570 936 Lesbum)
610 855 714 919 Paene
730 855 909 920 adverbum
936 856 1010 920 baec
1037 863 1182 937 repetunt
1202 853 1310 920 malet

221 977 251 1039 p.
276 955 344 1019 125.
366 967 397 1019 et
418 955 536 1019 Cedseu
567 979 600 1041 p.
622 958 710 1037 104.;
737 969 863 1042 utesque
885 969 986 1020 autem
1002 953 1189 1018 Phorbantis
1215 954 1310 1016 filiam

224 1077 286 1116 uon
303 1055 513 1132 Diomedem,
538 1057 769 1120 sedDiomeden
785 1047 973 1142 nuncupant,
994 1077 1066 1118 mam
1084 1055 1176 1118 llum.
1199 1053 1235 1118 ll.
1254 1055 1310 1116 IX.

219 1155 293 1220 665.
333 1158 473 1220 Meminit
492 1156 582 1220 huius
598 1157 794 1240 expeditionis
818 1159 909 1222 etiam
931 1157 1078 1220 Parthen.
1101 1155 1195 1218 Eret.
1216 1177 1247 1224 e.
1269 1173 1304 1216 οι

221 1269 253 1320 et
270 1257 322 1321 26.
354 1257 408 1320 ubi
434 1269 536 1321 eutem
561 1259 658 1322 multo
680 1259 836 1322 dissimilia
856 1269 1031 1322 narramur.

299 1359 399 1422 xvn.
439 1361 564 1438 amas)
605 1361 782 1424 meimum
803 1372 872 1444 post
885 1359 1007 1444 Leleges
1020 1359 1107 1420 littus
1130 1355 1222 1420 Cilici
1241 1357 1304 1420 Ho-

202 1461 325 1552 *meriti
350 1460 514 1541 tenebunt,
543 1461 624 1544 quod
649 1483 731 1524 nunc
753 1461 892 1524 habitant
910 1460 1147 1545 Adramytteni‚
1179 1461 1306 1520 Atarni-

220 1571 290 1640 tae‚
307 1553 475 1641 'Pittanaei,
497 1581 593 1645 usque
616 1562 655 1625 ad
675 1561 758 1625 Caici
778 1565 866 1624 ostia.
909 1561 1004 1624 Divisi
1031 1559 1138 1622 Cilices
1160 1557 1251 1620 fuere
1276 1561 1305 1620 iu

218 1661 295 1721 duas
309 1663 496 1742 provincias,
521 1683 651 1746 quacum
674 1683 736 1724 una
759 1672 826 1724 erat
859 1661 916 1724 sub
941 1661 1099 1734 Eetionis,
1132 1657 1234 1720 uitem
1250 1661 1302 1720 sub

217 1757 349 1842 biynetis
372 1763 509 1844 impen‘o.
559 1762 645 1824 Urbs
673 1761 807 1846 Myuetis
840 1761 900 1825 luit
935 1763 1121 1846 Lyrnessum
1166 1758 1303 1824 Εοιιοοὶτ

217 1859 337 1928 Tbebs.
378 1863 481 1925 strab.
501 1863 584 1926 xm.
607 1883 638 1945 p.
658 1862 729 1944 4²⁰·

301 1961 438 2041 Εοτιοιια,
453 1963 508 2048 qui
527 1963 573 2022 lais
588 1963 661 2024 locis
677 1963 882 2046 imperitabat)
923 1953 993 2024 Nou
1008 1961 1046 2024 de
1057 1961 1214 2045 Lyrnesm
1228 1960 1301 2023 haec

220 2059 417 2144 intelligendu
438 2069 529 2138 sunt,
550 2060 603 2122 sed
624 2061 656 2122 iu
671 2061 845 2124 universum
868 2059 909 2122 de
924 2059 1085 2138 Cilicibus,
1106 2059 1222 2143 quibus
1243 2063 1302 2122 uti·

218 2181 278 2245 que
297 2162 490 2246 imperitabat
502 2161 620 2224 Eetion.
635 2173 693 2232 eet.
714 2162 871 2225 Ossaeus.
915 2161 981 2246 Ego
1001 2183 1077 2224 vero
1096 2161 1134 2224 de
1150 2163 1301 2245 Itys-nesse

218 2262 354 2345 accipio:
376 2283 448 2324 num
479 2283 514 2324 ex
545 2265 660 2325 Graeco
691 2264 800 2347 Dictys
826 2260 949 2326 Mulelas
981 2285 1015 2346 p.
1040 2260 1109 2343 tal.
1139 2263 1207 2324 itas
1233 2261 1301 2326 Καὶ
1363 2261 1364 2299 ³

217 2357 460 2444 παραλαμβάνει
482 2358 542 2446 τὴν
566 2359 738 2444 Λυρνηοόν
757 2358 849 2426 πόλιν
860 2407 871 2444 ,
892 2359 947 2425 καὶ
967 2359 1093 2448 φονεύει
1121 2364 1299 2446 κρατοῦντι

219 2462 317 2543 αὐτῆς
348 2459 403 2527 τὸν
430 2464 579 2526 Ηττίωνα
606 2464 742 2543 βασιλέα
768 2485 796 2532 κ.
829 2487 859 2526 τ.
880 2467 909 2526 λ.
941 2475 973 2527 et
993 2463 1146 2526 cedrenus
1169 2486 1203 2548 p.
1235 2461 1300 2543 tui.

219 2557 331 2638 Adeas
344 2587 380 2628 τε
394 2559 474 2648 πρὸς
487 2560 545 2628 riv
562 2560 732 2649 Λορνησόν
746 2562 911 2648 ὁρμήσας,
941 2565 996 2628 καί
1010 2563 1067 2649 τὴν
1081 2562 1173 2628 πόλιν
1192 2559 1298 2642 ἑλύν,

217 2663 274 2728 κατ’
291 2667 440 2729 Ηετίοονα
464 2661 521 2729 τὸν
547 2663 647 2748 aeltric
661 2667 826 2744 πολιοῦχον
853 2662 993 2746 clreicis,
1014 2661 1069 2728 καὶ
1090 2661 1147 2745 τὴν
1164 2671 1297 2746 γυναῖκα

219 2762 321 2827 αὐτοῦ
344 2761 564 2848 ’Au-tvaim,
587 2760 644 2846 τὴν
670 2765 726 2828 καί
755 2763 945 2848 massua,
974 2765 1135 2848 θυγατέρα
1161 2762 1298 2846 Χρύσαν

218 2861 328 2945 ἱερέας
351 2859 568 2945 Ἀπόλλωνος,
599 2858 699 2942 ἑλών,
720 2861 776 2928 καὶ
793 2861 896 2926 πάντα
926 2860 982 2926 τόν
995 2865 1128 2927 πλοῦτον
1146 2858 1297 2944 despair,
1362 2857 1363 2886 ¹

216 2962 261 3036 εἰς
282 2959 317 3024 τό
343 2963 441 3040 μέσον
458 2965 580 3027 τέθεικε
607 2964 673 3028 τοῦ’
692 2965 839 3048 στρατοῦ.
885 2963 997 3026 Notum
1016 2976 1121 3026 contra
1148 2983 1184 3024 ex
1207 2962 1298 3027 Ηοοι.

218 3061 257 3128 ll.
281 3062 396 3126 1.536.
437 3063 596 3126 Eetiouem
614 3085 715 3148 regem
742 3064 835 3127 fuisse
857 3063 981 3126 Thebae
988 3071 1007 3141 ‚'
1020 3083 1116 3146 ecque
1139 3060 1297 3123 intellecto

216 3171 363 3245 captuque
386 3163 463 3226 urbe
492 3165 654 3228 obductam
676 3164 716 3224 ab
741 3165 858 3228 Achille
877 3163 1057 3248 Chryseida.
1106 3165 1221 3224 Auctor
1236 3160 1297 3222 τοῖν

220 3261 280 3342 Τρ.
299 3265 331 3324 in
347 3262 427 3331 Bibl.
444 3263 570 3331 Uffeub.
590 3265 738 3329 xxxvl.
757 3285 787 3347 p.
806 3265 878 3352 679.
917 3265 1053 3328 Eetionis
1066 3263 1176 3326 urbem
1199 3261 1299 3346 Chry·

217 3383 283 3426 eum
303 3363 462 3448 perhibet,
496 3376 527 3428 et
549 3385 584 3428 ex
602 3385 637 3429 ea
659 3366 699 3428 ab
715 3366 832 3429 Achille
852 3375 1023 3451 expugnate
1036 3369 1224 3450 Astynomeu
1244 3365 1298 3426 ab·

218 3465 340 3528 ductam
364 3466 468 3534 uadit.

304 3566 471 3647 Pedasimzl
512 3569 599 3648 Quae
619 3569 726 3655 Dictys
743 3569 852 3633 Pedaei
869 3579 951 3653 gesta
964 3567 1086 3648 scm‘bit,
1106 3567 1146 3628 ad
1161 3565 1299 3650 Legopo-

216 3665 263 3730 lin
280 3671 393 3732 urbem
412 3671 546 3732 referunt
564 3669 688 3734 Malelas
706 3692 737 3754 p.
756 3671 823 3739 126.
843 3681 874 3732 et
888 3671 1043 3734 cedrenus
1059 3689 1088 3751 p.
1114 3665 1190 3748 toi,
1207 3668 1238 3728 iu
1264 3685 1298 3728 ec

218 3771 310 3832 etiem
333 3791 351 3831 a
378 3770 487 3856 Dictye
514 3771 641 3852 diversi,
664 3772 746 3855 quod
761 3793 823 3834 non
841 3771 967 3850 Bricca,
987 3769 1041 3833 sed
1060 3772 1212 3830 Menetem
1234 3771 1298 3842 (cui

216 3869 339 3952 Myneti
356 3871 438 3952 apud
463 3873 630 3935 Homerum
649 3877 774 3951 nomeu)
802 3871 894 3934 huius
915 3869 1001 3933 urbis
1037 3891 1138 3954 negem
1168 3877 1296 3943 vocant,

214 3987 346 4052 eumque
368 3991 429 4031 non
444 3969 572 4054 laqueo,
594 3972 647 4035 sed
666 3971 782 4056 pmelio
794 3977 929 4035 occisum
943 3982 1078 4035 nument.
1099 3971 1203 4031 Etiam
1222 3969 1295 4028 baec

214 4067 304 4130 aliter
316 4066 406 4133 'canit
422 4073 583 4136 Homerus.
624 4075 807 4158 Expugnata
822 4075 946 4157 quidem
966 4072 1100 4136 Pedasus
1121 4071 1161 4132 ab
1181 4067 1294 4131 Achille

214 4179 260 4228 est
280 4169 333 4244 (ΙΙ.
358 4174 445 4233 XVI.
469 4175 533 4238 152.
554 4177 641 4238 xxl.
659 4177 725 4260 865
753 4175 854 4242 Strab.
874 4176 959 4242 x111.
980 4196 1012 4258 p.
1034 4169 1294 4254 421)‚sedliip·

212 4265 398 4346 pollentiam,
422 4293 514 4356 quum
535 4275 683 4341 uomerus
704 4289 822 4362 epatre
840 4279 949 4358 Bciee,
977 4277 1030 4361 qui
1048 4273 1188 4338 sacetdus
1217 4271 1293 4354 (uon
