2762 4684
176 341 225 414 tu'
461 381 463 388 ,
560 344 896 410 orsuru'ruttueu

180 536 312 603 Achilles
321 523 342 616 ,’
357 533 436 599 Aiax
450 534 576 615 Locrus,
601 546 637 598 ut
647 532 755 600 ridere
766 523 937 600 Hectorem
952 555 1017 598 non
1032 531 1179 621 prodisse,
1200 535 1290 598 ecri-

180 653 228 706 ter
239 651 470 729 pugnaverunt,
492 642 667 724 multosque
683 635 781 701 duc‘ert
798 636 838 701 de
850 639 1066 703 'Troianorum
1088 657 1214 701 numero
1230 659 1292 702 oc-

182 743 332 808 ciderunt.
383 743 500 808 Hector
520 756 555 806 ut
577 737 703 806 audivit¹
724 744 891 805 tumultum
917 743 950 804 in
972 743 1074 819 bello,
1108 754 1140 803 et
1167 743 1237 805 sine
1255 761 1291 805 se

182 846 340 913 Troianos
357 847 511 925 laborare,
534 847 669 934 prosiliit
678 848 712 908 in
725 867 871 934 pugnam.
898 845 1071 930 Statimque
1084 842 1289 908 idomeneum

185 953 361 1029 obtruncat,
387 949 556 1038 Iphinoum
574 951 713 1027 sauciat,
737 937 910 1012 Leonteum
926 947 1058 1027 occidit,
1084 947 1227 1012 Stheneli
1244 951 1289 1010 l'e-

184 1055 254 1118 inur
268 1055 368 1118 iaculo
388 1053 465 1134 figit.
517 1049 623 1132 Quem
633 1065 670 1116 ut
686 1053 819 1117 Achilles
835 1052 988 1142 respexit,
1015 1063 1046 1116 et
1061 1062 1109 1114 tot
1122 1053 1288 1115 aoerrimos

185 1157 279 1222 duces
306 1159 346 1221 ab
370 1178 409 1222 eo
429 1159 629 1235 interiectos,
666 1153 806 1220 animum
824 1158 857 1220 in
879 1159 967 1220 illurn
992 1154 1163 1234 dirigebat,
1199 1157 1286 1218 atilli

184 1263 298 1327 obrius
307 1263 407 1325 fieret.
458 1259 683 1326 considerabat
695 1261 780 1324 enim
795 1261 943 1340 Achilles,
968 1259 1031 1322 nisi
1051 1255 1224 1324 Hectorem
1238 1281 1287 1322 oc-

186 1365 315 1446 cideret,
341 1355 453 1453 plures
465 1362 504 1427 de
522 1359 711 1430 Graecorum
728 1377 867 1428 nomem
891 1365 959 1427 eius
982 1362 1110 1425 dextera
1127 1365 1287 1449 partums

184 1467 283 1534 Multa
315 1469 413 1532 millia
441 1467 606 1532 hominum
631 1472 748 1531 interea
769 1465 975 1530 'trucidantur⁸
1030 1459 1107 1528 Aere
1137 1467 1287 1552 proelium
1360 1535 1361 1546 ἶ

184 1571 346 1638 colliditur.
398 1572 516 1636 Hector
532 1572 737 1660 Polypoetem
752 1568 862 1634 ducem
880 1569 1088 1635 fortissimum
1102 1567 1235 1632 oceidit:
1259 1581 1288 1632 et

183 1697 280 1762 quum
313 1675 448 1764 spoliare
482 1667 672 1764 coepisset,'
693 1675 825 1738 Achilles
855 1675 1043 1761 supervenit.
1108 1670 1164 1736 Fit
1189 1693 1288 1760 pugna

182 1780 297 1856 maior,
325 1791 356 1841 et
376 1781 492 1844 clamor
510 1781 548 1842 ab
565 1777 757 1866 oppidoeta
773 1790 840 1842 toto
862 1779 958 1859 surgit
976 1775 1122 1840 exercitu.
1177 1777 1290 1841 Hector

180 1880 307 1946 Achillis
327 1885 429 1945 femur
450 1884 577 1946 saudat.
628 1874 775 1960 Achilles,
803 1879 909 1945 dolore
930 1891 1074 1968 accepto,
1098 1881 1203 1962 magis
1220 1903 1287 1943 eum

180 1984 326 2074 persequi
349 1985 467 2071 coepit,
496 2007 554 2048 nec
569 1981 707 2063 destitit}
734 1985 797 2048 nisi
810 1983 969 2048 occideret.
1023 1981 1097 2064 Quo
1113 1985 1287 2062 interemto,

180 2087 336 2153 Troianos
364 2088 396 2150 in
428 2089 536 2170 fugam
564 2087 681 2166 vertit,
721 2099 753 2149 et
775 2083 1036 2152 maxima'caede
1059 2107 1112 2150 eos
1131 2106 1237 2173 usqne
1252 2085 1290 2150 ed

178 2203 303 2280 portam
327 2191 458 2272 fugavit.
508 2181 697 2257 Cui’tamen
719 2185 870 2256 Memnon
891 2185 1069 2256 {tutissime
1089 2190 1222 2253 restitit:
1259 2203 1290 2255 et
1360 2223 1361 2267 ,

179 2297 225 2360 illi
235 2297 345 2360 acriter
358 2297 440 2358 inter
457 2314 492 2360 se
507 2287 721 2360 certaverunt:
743 2295 821 2360 laesi
837 2297 959 2381 utrique
974 2292 1191 2359 discessenmt.
1215 2293 1288 2358 Nor
1360 2334 1361 2348 ι

177 2400 334 2488 proelium
365 2393 493 2464 dirimit.
551 2399 684 2462 Achilles
712 2396 860 2465 debello
888 2399 1010 2464 saucius
1039 2395 1131 2462 redit.
1189 2397 1284 2462 Noctu
1360 2409 1361 2448 t

178 2503 310 2571 Troiani
323 2497 491 2568 Heaorom
515 2505 730 2568 lamentantis.
781 2495 784 2502 '
819 2510 823 2534 ¹
883 2541 886 2548 ·

617 2675 709 2742 on.
732 2673 846 2742 xxv,

190 2829 194 2838 '
281 2811 411 2879 Postera
431 2809 484 2876 die
502 2805 654 2878 Memnon
675 2813 831 2878 Troianos
854 2808 958 2876 educit
977 2819 1083 2875 eontra
1098 2805 1287 2875 Graecorum

177 2917 358 2982 exercitum.
408 2916 624 2998 Agamemnon
643 2919 813 2982 exercitum
827 2917 976 2995 consulit,
1003 2913 1175 2998 suadetque
1196 2909 1288 2976 indu-

177 3020 242 3083 cias
260 3019 393 3085 duorum
407 3022 564 3084 mensium
585 3023 749 3110 postulari,
776 3027 811 3083 ut
832 3041 907 3084 suos
922 3021 1052 3105 quisque
1067 3019 1197 3105 sepelire
1211 3038 1288 3104 pos-
1360 3109 1361 3114 η

177 3122 228 3186 sit.
263 3123 391 3204 *Legati
413 3121 453 3186 ad
465 3119 625 3188 Priamum
644 3125 892 3214 proficiscuntur,
924 3120 1113 3186 desiderium
1128 3119 1287 3206 prosecuti

177 3233 266 3303 eunt,
289 3223 421 3290 duorum
436 3229 593 3292 mensium
604 3227 746 3293 inducias
762 3229 925 3316 accipiunt.
960 3225 1104 3292 Priamus
1117 3224 1287 3288 Hectorem

177 3349 235 3392 suo
249 3349 337 3393 more
353 3341 425 3393 ante
440 3343 563 3418 portem
576 3333 732 3420 sepelivit,
754 3333 804 3396 eui
818 3331 909 3396 ludos
926 3331 1072 3393 firnebres
1086 3327 1172 3392 feeit.
1200 3327 1286 3389 Dum
1360 3388 1361 3418 ,

176 3429 320 3498 induciae
343 3445 432 3515 sunt,
457 3433 642 3500 Palamedes
665 3437 779 3500 iterum
801 3459 865 3500 non
889 3446 990 3500 cessat
1000 3431 1043 3497 de
1059 3432 1192 3521 imperio
1206 3451 1287 3493 oon-

128 3597 142 3608 ,
177 3537 274 3622 queri.
325 3535 433 3625 ltaque
448 3536 661 3619 Agamemnon
676 3539 825 3604 seditioni
841 3539 943 3618 cessit,
967 3533 1113 3616 etdixit,
1142 3555 1176 3600 se
1191 3531 1231 3596 de
1248 3553 1288 3595 ea
1360 3533 1361 3592 l

175 3659 210 3701 re
231 3640 362 3704 libenter
385 3644 534 3721 laturmn,
564 3655 613 3722 ut,
640 3664 735 3730 quem
750 3643 880 3723 vellent,
905 3642 1125 3730 imperatorem
1137 3637 1288 3728 praefice-

174 3754 254 3806 rent.
305 3742 436 3808 Postera
452 3744 709 3834 diepopulurnad
723 3747 907 3811 concionem
920 3743 1029 3812 rosan
1055 3755 1159 3825 neget,
1176 3763 1214 3807 se
1228 3763 1288 3803 un·

175 3865 271 3931 quem
284 3846 432 3936 cupidum
445 3851 569 3937 imperii
582 3853 697 3916 fuisses
720 3868 818 3938 aeque
833 3851 948 3914 animo·
958 3869 994 3914 se
1011 3848 1170 3935 aocipere,
1191 3846 1223 3911 si
1240 3843 1287 3906 rui

173 3949 290 4014 renent
307 3949 399 4015 dare·
426 3973 462 4016 se
479 3953 611 4018 libenter
630 3953 762 4020 cedere:
788 3955 866 4019 satis
882 3953 945 4018 sibi
964 3949 1053 4033 esee,
1080 3948 1159 4013 dum
1178 3949 1286 4013 lrostes

173 4051 376 4136 ulciscantur3
406 4067 438 4119 et
457 4057 682 4144 parvifacere,
713 4059 799 4123 euius
822 4057 857 4121 id
881 4055 1019 4146 opeliat.
1070 4053 1361 4149 lubetdieere,
1360 4049 1361 4079 ¹

172 4153 265 4218 sicui
281 4157 354 4241 quid
367 4161 496 4246 placeat.
547 4159 731 4226 Palamedes
748 4159 870 4248 prodit,
898 4157 1163 4240 suurningenium
1179 4169 1286 4220 osten·

170 4251 228 4318 dit.
278 4255 387 4344 ltaque
401 4262 542 4343 Argivi
530 4266 699 4354 imperium
712 4263 750 4331 ei
772 4263 908 4329 uadunt.
959 4259 1145 4330 Palamedes
1160 4259 1284 4342 Argivis
