2766 4690
201 286 275 358 392
499 304 773 356 oususrsrronus
805 302 841 356 ut
866 302 931 354 un.
955 305 982 353 ι.

198 492 435 576 Epistrophus),
465 513 522 554 nec
551 514 613 554 non
644 491 707 554 duo
736 489 853 553 nobiles
875 491 1017 576 Phryges
1044 511 1080 552 er
1097 490 1237 570 Defoto,
1259 503 1292 556 et

197 593 393 678 Polyxenus,
416 597 541 655 navium
562 603 664 654 autern
685 611 830 654 uumerus
847 591 941 654 deest.

281 692 447 754 Diomedes
470 725 509 739 -
530 693 693 770 octogiuta)
735 689 840 752 Malel.
871 689 1013 752 Eundem
1032 691 1156 753 uarium
1178 711 1290 752 nurne-

198 813 269 855 rum
292 793 434 854 Diomedi
462 813 524 852 una
544 812 614 852 cum
634 790 780 852 Sthenelo
801 801 832 852 et
860 789 997 874 Euryalo
1022 791 1100 852 dant
1129 789 1291 852 Homeros

194 891 266 976 559.
294 905 325 955 ct
353 893 458 954 Dares.
480 890 626 953 Sthenelo
655 900 686 952 et
714 887 872 973 Euryalo,
900 889 1057 952 Diomedis
1087 890 1197 966 sociis,
1230 911 1288 952 no-

194 1003 257 1054 ster
276 1014 342 1075 cap.
367 990 413 1072 14.
444 991 529 1054 addit
561 989 814 1073 Amphilochum.
862 989 957 1072 Apud
985 990 1099 1074 Hygin.
1118 989 1289 1052 Diomedes

195 1092 283 1154 ducit
302 1093 436 1175 triginta,
457 1089 619 1154 Sthenelus
642 1091 748 1173 viginti
767 1093 903 1174 quinque
926 1111 1039 1169 naves,
1058 1089 1138 1173 apud
1160 1090 1289 1152 Henric.

195 1213 222 1256 o.
245 1195 295 1260 ὄπ.
320 1191 371 1254 sol.
394 1193 446 1255 53.
469 1190 634 1254 Diomedes
654 1199 686 1252 et
707 1192 859 1268 Warion,
888 1211 940 1252 rex
961 1190 1124 1268 Graeciae,
1144 1194 1288 1274 octogin-

193 1303 238 1361 ta.
259 1327 299 1342 ·-
321 1291 429 1360 Aseal.
450 1306 480 1354 et
497 1292 591 1354 Inlm.
612 1325 648 1338 -
672 1292 814 1372 rn'gnua)
859 1291 951 1358 Hom.
972 1293 1051 1370 ⁵¹¹3
1073 1289 1197 1368 Melet,
1221 1291 1286 1350 Da·

192 1414 254 1456 res.
295 1392 387 1476 Apud
411 1393 523 1476 Hygia.
546 1389 697 1453 lslrnenus
717 1391 804 1452 ducit
822 1392 958 1474 triginta,
981 1390 1167 1472 totidemque
1187 1391 1285 1452 Asce-

192 1491 310 1575 lsphus.
330 1525 370 1542 -
394 1491 498 1553 Oileus
506 1491 595 1552 Aiax
612 1491 833 1575 quadraginta)
877 1490 968 1555 Hom.
987 1489 1060 1566 554.
1080 1487 1204 1552 Malelus
1227 1495 1285 1551 tri·

112 1631 119 1652 .
191 1593 260 1654 buit
281 1613 411 1670 novem,
442 1591 582 1675 Hyginus
602 1590 731 1673 viginti,
760 1590 862 1652 Dares
882 1591 1008 1673 triginta
1030 1597 1167 1671 septem,
1195 1591 1284 1652 Hen-

191 1693 272 1754 ricus
306 1692 527 1790 qpsdraginta,
559 1689 642 1774 apud
666 1709 758 1772 quem
781 1689 873 1753 Gleus
893 1703 925 1752 ct
941 1689 1031 1752 Aine
1051 1690 1199 1752 scribitur
1222 1713 1283 1773 pne

193 1790 300 1853 Oileus
319 1791 423 1858 Alae.

273 1913 318 1951 ex
345 1892 432 1952 omru'
448 1889 578 1952 Boeotia
598 1923 641 1938 -
669 1889 894 1976 qninquaginta)
950 1889 1042 1955 Hom.
1063 1887 1147 1974 4963
1169 1889 1281 1974 Enrip.
1361 1899 1362 1932 l

193 1987 261 2074 lpb.
290 1989 365 2052 Aul.
390 1990 474 2068 2533
504 1988 641 2052 hlalelas.
691 1988 787 2072 Apud
817 1987 918 2053 Malel.
947 2011 1007 2072 pro
1032 1987 1200 2062 Μενέλαος
1226 1991 1282 2052 ω’

191 2084 337 2170 Λήῖστος
370 2087 565 2152 scribendum
600 2087 769 2169 Πηνέλεως
797 2087 853 2150 καὶ
877 2083 1027 2170 Λήϊτος,
1057 2098 1091 2150 ut
1119 2091 1180 2150 iarn
1201 2089 1279 2151 vidit
1361 2087 1362 2116 ³

191 2188 295 2254 Bentl.
313 2190 353 2251 ed
373 2188 451 2252 Mill.
472 2212 503 2272 p.
515 2188 574 2278 ³74.
627 2189 766 2272 Hyginus
794 2200 937 2252 numeret
964 2211 1056 2251 unem
1076 2199 1106 2252 et
1125 2191 1278 2273 quiuqua-
1361 2197 1362 2230 l

71 2353 76 2356 .
191 2293 298 2376 ginta,
319 2300 355 2354 ut
374 2289 523 2354 Peneleus
542 2289 654 2353 hubent
678 2289 857 2365 duodecim,
882 2291 987 2352 Leitus
1004 2289 1185 2370 duodecim,
1206 2289 1279 2352 (ilo-

189 2396 262 2456 nius
283 2393 337 2472 (sic
357 2404 438 2455 recte
461 2389 588 2458 lllunck.
621 2409 679 2473 pro
701 2391 856 2470 chronol
880 2411 1012 2468 novem,
1031 2389 1205 2452 Arcesilaus
1221 2389 1277 2452 de·

189 2516 280 2562 oens,
304 2493 497 2556 Prothoenor
516 2503 594 2554 octo.
636 2492 735 2553 Dares
754 2489 827 2552 solis
847 2488 1006 2555 Arcesilan
1027 2501 1058 2552 et
1070 2489 1275 2554 Prothoenori

190 2592 246 2655 dat
264 2593 528 2677 qninquagingtnp
558 2591 708 2652 Henricus
726 2593 882 2673 octoginta
900 2611 951 2652 sex
974 2587 1127 2652 Archelao
1148 2601 1178 2651 et
1198 2589 1276 2652 Pru-

188 2692 310 2756 thenori
332 2696 364 2775 (i.
394 2713 422 2761 e.
445 2689 601 2755 Arcesilan
622 2703 653 2752 et
680 2690 909 2768 Prothoenori).
934 2722 975 2739 -
1001 2689 1208 2774 quadragina
1234 2722 1275 2740 -

186 2793 333 2854 Schedius
355 2805 385 2860 et
405 2793 534 2878 Epistr.)
576 2791 670 2858 Hom.
701 2791 784 2869 5243
811 2789 942 2873 Hygiu.,
963 2787 1087 2868 illaleh,
1106 2789 1215 2856 Dares.
1235 2819 1274 2836 -

190 2891 341 2976 thalpiur
358 2925 400 2942 -··
423 2892 639 2976 preudruginta)
683 2888 868 2966 flom.615;
893 2889 1004 2950 Dares.
1047 2887 1185 2970 Hyginus
1204 2889 1273 2950 Am·

186 2989 350 3073 phirnacho
370 2989 424 3052 dat
438 2990 558 3067 decem,
577 2989 734 3072 Polyaeno
755 2988 980 3071 qnadraginta:
1002 2986 1169 3070 Thalpium
1191 2990 1274 3072 iguo-

186 3101 256 3152 rat:
279 3111 336 3173 pro
363 3091 459 3152 Diore
492 3089 614 3152 exhibet
643 3090 887 3166 Amarunceurn,
921 3089 1022 3150 Dioris
1048 3101 1187 3170 patrem,
1206 3111 1273 3151 cum

186 3189 318 3254 uuvlbns
337 3188 539 3273 undeviginti.
583 3189 649 3250 Hos
669 3209 775 3250 omnes
801 3191 921 3273 ignoret
943 3187 1079 3258 Maleles.

269 3287 371 3352 noas
401 3323 441 3338 -
463 3288 679 3371 quadringinta)
720 3289 811 3353 Hom.
831 3287 893 3369 644
907 3311 917 3368 3
940 3287 1045 3353 Halcl.
1075 3289 1186 3352 Dares.
1208 3289 1269 3372 Hy-

182 3389 271 3472 ginus
292 3388 400 3450 tribuit
419 3388 604 3471 quindecim.
650 3388 743 3471 Apud
766 3389 936 3452 Henricutn
955 3389 1041 3450 Dous
1061 3409 1096 3448 ex
1115 3388 1225 3452 Tbclia
1239 3391 1269 3464 (i.

180 3511 209 3555 c.
231 3489 335 3552 'l‘hous
355 3510 393 3551 ex
415 3486 547 3564 Aetolis)
567 3489 652 3550 ducit
672 3511 764 3568 naves
792 3499 925 3556 centurn.
946 3521 988 3538 ·-·
1011 3489 1177 3570 Meges-
1197 3511 1269 3574 qua·

180 3590 337 3671 drugirua)
387 3589 481 3655 Hom.
511 3589 592 3666 6303
625 3588 758 3651 Malelos.
812 3590 954 3673 Hyginus
976 3587 1086 3650 tribuit
1107 3591 1267 3671 sexaginta.

180 3689 282 3750 Dares
302 3711 373 3750 euru
394 3691 522 3772 ignorat.
565 3687 712 3750 Maleless
742 3686 856 3769 Μέγης
875 3686 911 3750 ἐκ
931 3684 1071 3768 Δολίχης
1090 3687 1149 3766 τῆς
1165 3677 1268 3750 Ἑλλά-

181 3787 237 3861 δος
257 3782 318 3850 otiu
346 3787 458 3869 unvair
484 3781 527 3868 μ’.
579 3788 713 3871 Corrigit
732 3786 829 3850 bentl.
850 3787 889 3850 ad
908 3786 986 3849 Mill.
1006 3809 1038 3869 p.
1059 3785 1109 3869 74.
1132 3786 1168 3847 ἐκ
1189 3785 1267 3848 Aeu-

179 3885 285 3966 λιχίου
307 3887 485 3961 ἐξεναντίας
506 3887 560 3968 τῆς
572 3875 717 3965 Ἤλιδος,
739 3909 774 3950 ex
796 3889 886 3949 Horn.
907 3886 928 3952 l.
950 3886 1267 3950 l.-Idonrencus-

180 3988 344 4067 octoginta)
358 3986 451 4048 Hom.
462 3987 524 4063 645
537 3987 681 4064 3Diodor.
692 3987 753 4053 ste.
763 3988 803 4053 V.
818 3985 1111 4063 153Malel.‚nar‹s.
1132 3987 1267 4068 Hyginus

177 4085 342 4148 Idomeneo
359 4086 412 4148 det
432 4087 644 4172 quadraginta,
666 4087 789 4150 totidem
812 4087 955 4152 Mesiuni.
977 4086 1179 4148 Idomeneuns
1201 4087 1265 4145 ruis·

173 4201 207 4246 sa
228 4181 381 4268 legatione
410 4189 534 4250 Graecis
564 4185 679 4252 Aulida
701 4188 814 4252 couctb
841 4188 929 4254 initio
948 4187 1140 4252 Coeteueium
1159 4181 1266 4249 ouilia
