2726 4686
495 401 589 450 netu
616 399 762 454 ιιιοιιιιι
790 401 855 452 ιιι.
881 403 922 454 ιι.
1203 391 1253 462 85

152 589 227 696 qui
260 615 352 668 cum
383 619 428 670 eo
452 610 564 668 erant
588 591 756 680 cunctis,
795 593 873 674 cito
905 595 1058 700 agmine
1083 613 1255 676 montem

154 707 361 810 ingressus,
389 707 600 783 interiectis
623 733 782 811 gregum
807 710 1048 806 custodibus,
1074 739 1254 816 magnam

153 823 235 899 vim
257 849 442 928 pecorum
465 822 637 900 abducit.
685 825 808 915 Dein,
848 828 961 902 nullo
987 829 1163 904 omnium
1187 821 1288 904 ad-'

153 959 349 1026 versante,
374 939 540 1031 cunctis,
566 935 645 1044 qu'a
671 941 872 1045 pergebat,
898 941 940 1017 in
965 941 1097 1045 sugam
1122 943 1251 1026 tercia.

154 1055 228 1131 nbi
249 1075 401 1162 tempus
423 1057 549 1134 risum
574 1075 638 1148 est,
666 1083 757 1132 cum
775 1083 913 1160 magna
931 1057 1072 1164 pracda
1092 1057 1141 1136 ad
1168 1085 1255 1138 auce

154 1189 356 1248 convertit

245 1289 425 1366 XXVIII.
465 1289 539 1364 Per
563 1285 672 1364 idem.
690 1305 841 1393 tempus
864 1288 1033 1394 Chrysea,
1058 1315 1176 1393 quem
1197 1317 1255 1368 ea·

154 1403 350 1496 cerdotem
380 1404 564 1484 Sminthii
598 1406 790 1512 Apollinis
812 1431 929 1512 cupra
955 1405 1167 1496 docuimue,
1191 1393 1253 1486 co-

153 1521 265 1623 gnito
299 1521 420 1598 iiiiam
454 1548 564 1598 auam
591 1525 827 1625 Astynomen
853 1549 942 1598 cum
967 1527 1253 1626 Agamemnone

156 1635 311 1740 degere,
343 1637 465 1714 fretur
497 1637 683 1738 religione
716 1636 814 1714 tanti
852 1637 1025 1716 numinia
1057 1637 1108 1714 ad
1142 1665 1255 1716 narce

156 1753 278 1844 venit,
312 1751 532 1859 praeferent
566 1753 641 1828 Dei
678 1755 810 1832 vultus
842 1779 888 1830 ac
924 1753 1113 1857 quaedam
1139 1781 1253 1832 ornu-

155 1885 378 1945 mentorum
404 1871 539 1977 templi
563 1871 666 1964 cius,
700 1897 779 1974 quo
794 1869 962 1954 ,facilius
987 1869 1253 1948 recordatione

155 1984 367 2088 praetentis
400 1984 575 2063 numinis
613 1985 809 2063 veneratio
837 1985 898 2064 sui
924 1985 1079 2090 regibus
1104 1985 1253 2064 incute-

148 2117 280 2178 retur.
326 2099 431 2178 Dein
451 2100 591 2180 oblatis
611 2100 698 2178 auri
723 2120 842 2205 atque
865 2102 1015 2207 argenti
1034 2101 1146 2182 donia
1166 2103 1255 2210 piu·

153 2215 284 2308 rimu,
308 2215 586 2295 redemtionem
610 2216 714 2294 filiae
738 2216 992 2323 deprecatum
1033 2217 1252 2314 obrecmna,

152 2331 217 2408 nti
254 2336 548 2440 magnificarent
584 2335 840 2444 praesentiam
874 2335 970 2427 Dei,
1006 2337 1078 2440 qui
1119 2362 1252 2416 secum

153 2469 309 2526 oratum
352 2452 418 2528 eos'
456 2451 508 2528 ob
548 2449 783 2528 sacerdotem
823 2449 1031 2557 proprium
1081 2451 1252 2530 venisset.

153 2569 354 2644 Praeterea
395 2585 688 2654 commemorat,
720 2593 822 2672 quae
855 2568 898 2642 in
931 2565 1012 2644 diet
1047 2550 1252 2646 adversum

153 2705 194 2756 ae
224 2681 274 2756 ab
307 2681 526 2763 Alexandro
559 2682 720 2786 eiusque
753 2679 1049 2784 consanguineis
1072 2681 1122 2756 ob
1147 2681 1254 2758 erbi-

152 2795 277 2875 bitam
305 2825 376 2906 per
408 2825 446 2877 se
479 2799 613 2906 patdlo
641 2816 733 2876 ante
759 2796 1064 2874 immolationem
1088 2795 1248 2878 inimica

154 2911 389 3019 hostiliaque
412 2933 655 3024 pararentur.
706 2913 817 3012 Quae
845 2913 916 2988 nbi
940 2937 1139 3017 accepere,
1166 2913 1251 2990 red-

151 3029 323 3108 dendam
339 3031 461 3110 filiam
479 3029 677 3124 meerdoti,
703 3055 831 3136 neque
852 3031 903 3108 ob
921 3027 964 3106 id
979 3029 1252 3137 accipiendum

148 3327 204 3384 ert,
222 3327 323 3392 utpote
338 3321 430 3376 ιιιὶιιιιι
447 3326 515 3373 nota
532 3325 562 3374 et
577 3317 690 3392 optimit
710 3315 893 3390 tcriptoribut
909 3315 1052 3371 inanitate.
1087 3333 1112 3370 v.
1135 3317 1250 3371 Praefat.

147 3407 170 3464 ν
217 3459 339 3516 xxviii.
382 3459 525 3534 Sminthii)
568 3459 647 3514 Libri
665 3457 812 3514 zminttit.
844 3455 895 3512 ud.
928 3457 1016 3512 Ptine.
1047 3458 1250 3532 Apollinique.

147 3531 181 3590 8.
201 3531 274 3584 Gatt
293 3550 357 3602 opp.
375 3535 504 3588 diximus.

217 3604 294 3656 tanti
310 3607 445 3678 meminis)
489 3601 564 3658 Libri
588 3601 718 3656 nominis.
752 3597 839 3654 non
869 3597 1067 3654 recordatione
1113 3596 1250 3652 ramentis

146 3675 283 3737 ιιιίιιὶι,
301 3682 332 3728 et
348 3675 464 3748 obsequi
480 3671 591 3727 ιιιιιιιὶιιί
608 3673 675 3726 eim·
695 3673 762 3743 Cap.
782 3687 824 3740 ²9·
844 3673 919 3724 tanti
937 3672 1058 3724 numinis
1108 3689 1162 3724 nm.
1181 3669 1247 3722 iiu-

146 3753 208 3798 me
227 3743 256 3794 in
274 3744 350 3798 tiss.
369 3764 470 3800 numen
490 3753 519 3797 et
537 3761 637 3796 nomen
654 3759 734 3810 caepe
753 3740 1007 3794 animadverterunt
1023 3740 1074 3794 riri
1094 3740 1177 3791 docti.

216 3815 307 3886 praefi
322 3813 371 3870 dci
388 3819 496 3882 omma)
531 3815 581 3867 Per
599 3813 696 3866 νιιὶιιιι
714 3811 763 3866 det
779 3809 941 3880 intelligunt
967 3810 1096 3863 nonnulii
1132 3805 1246 3860 rimula·

144 3901 223 3940 m
244 3885 383 3954 quoddam
402 3887 499 3952 iiiiot3
519 3882 594 3956 quod
611 3881 687 3936 haud
705 3885 763 3936 acio
783 3899 819 3934 an
836 3885 904 3933 ntia
922 3879 1048 3950 probent.
1074 3877 1171 3931 verint
1196 3893 1246 3929 an·

144 3965 205 4011 ten
223 3955 352 4010 wama·
370 3957 405 4010 ad
423 3957 489 4008 Satt.
508 3971 535 4023 p.
559 3956 618 4010 ree.
640 3951 842 4007 emendandum
860 3961 942 4022 putu
963 3947 1011 4004 dri
1028 3949 1119 4003 cuitus
1129 3969 1141 4017 ,⁰
1160 3949 1248 4017 idque

144 4027 263 4080 oncino
279 4027 380 4096 piacet.
415 4029 560 4082 Womrt-
594 4041 623 4098 p.
642 4025 686 4096 34.
720 4023 800 4079 ltihtt
817 4021 864 4076 hic
880 4021 1073 4084 dubitandum,
1091 4035 1182 4092 neque
1197 4033 1248 4070 ιιο-
1315 4037 1318 4050 ·

145 4095 281 4152 ndum.
298 4115 323 4148 v.
343 4097 431 4152 Ginai.

218 4165 398 4240 deprecatur)
434 4169 464 4222 st
483 4167 555 4220 Gall.
573 4182 637 4236 opp.
657 4177 797 4233 precetur.
834 4163 908 4218 inira
928 4161 994 4216 libri
1012 4161 1046 4214 oi
1059 4156 1167 4216 accord.
1178 4177 1246 4233 pro·

145 4238 250 4310 pn'eat.
270 4241 318 4295 ed.
339 4242 411 4295 Crat·
429 4237 580 4342 enit-iditum
600 4257 618 4293 a
636 4255 672 4292 tc·
