2698 4688
436 402 680 454 ts‘tttottt'crto.
1042 403 1114 450 xt'tt

50 599 146 660 armet
165 595 244 648 certe
262 605 355 648 nemo
374 605 444 650 ettm
464 587 575 652 diserte
595 591 744 652 nominet.
763 587 808 657 cf.
824 589 872 652 ad.
886 587 1010 672 Prolog.
1041 588 1120 652 Cum

51 689 133 751 nutus
150 688 248 751 efferri
269 692 366 774 possit
386 691 466 755 illius
489 698 596 758 aetatis
616 695 675 758 fide
696 695 806 778 dignus
826 695 971 776 scriptor,
992 696 1045 776 qui
1062 695 1119 756 sub

51 795 151 856 Nerone
169 797 242 877 quid
262 795 326 858 ute
346 797 487 860 eccidisse
507 799 557 862 vel
576 821 640 863 uno
661 797 788 862 verbulo
807 800 936 875 referet,
960 811 1025 860 tum
1045 821 1119 862 vero

49 900 138 983 legmti
156 901 207 963 hae
220 923 318 986 auges
343 906 392 965 cni
413 907 445 965 in
466 917 599 968 mentem
624 927 686 968 uon
707 907 845 968 venerint
864 925 987 989 prorsus
1007 907 1119 968 similes

45 1007 149 1069 drudes
178 1008 214 1070 de
243 1008 333 1072 libris
367 1031 385 1072 e
410 1019 491 1072 terra
522 1015 616 1076 erutis
649 1011 880 1095 mirandamque
910 1013 1119 1095 antiquitatem

49 1114 227 1176 umatus?
268 1117 348 1180 vid.
369 1117 461 1181 Febr.
483 1119 562 1186 Bibl.
579 1121 689 1181 Graec.
715 1119 741 1185 1.
763 1119 795 1183 5.
827 1138 874 1179 ιι.

116 1221 219 1283 Terme
239 1235 363 1298 motos,
394 1236 430 1286 ut
450 1225 531 1305 dixi,
562 1225 753 1288 Perizonium
774 1222 914 1306 impulit,
938 1233 973 1284 nt
993 1223 1121 1305 scripto-

53 1349 106 1388 rem
123 1329 245 1391 Graecus
258 1329 475 1412 Ephemeridis
488 1332 616 1394 Neronis
638 1341 772 1414 tempore
792 1331 898 1392 vixisse
913 1329 1120 1392 contenderet.

50 1433 153 1494 Maximi
169 1455 238 1496 saue
260 1439 410 1498 momenti
431 1436 522 1500 debet
542 1459 605 1499 esse
619 1437 761 1499 historica
782 1437 841 1498 fide
854 1445 1018 1498 sustentata
1034 1455 1121 1496 men·

49 1540 102 1615 tio,
119 1559 216 1602 rerum
236 1541 296 1604 hoo
312 1545 513 1604 certissimum
531 1554 593 1622 est,
615 1543 691 1604 nihil
706 1542 787 1604 aliud
804 1565 838 1606 ex
856 1565 891 1604 ee
907 1541 996 1622 effici,
1015 1559 1121 1623 quam,

52 1643 145 1728 Dictys
163 1668 220 1709 non
244 1651 401 1732 scripsisse
420 1661 491 1712 ante
515 1651 685 1728 Neronem,
707 1649 817 1712 debere
838 1661 939 1710 autem
955 1659 1023 1732 post
1035 1659 1118 1710 eum.

51 1751 135 1832 luque
159 1755 276 1818 firmum
307 1756 462 1840 fixumque
488 1759 650 1818 terminum
671 1757 750 1818 nacti
773 1777 894 1834 sumus,
926 1755 1005 1816 ultre
1026 1777 1118 1838 quem

52 1857 147 1940 Dictys
166 1871 290 1922 setatern
310 1861 447 1944 prolerre
468 1861 552 1922 nulle
568 1865 625 1924 nisi
643 1863 748 1923 insane
763 1865 915 1924 temeritas
930 1865 1019 1924 ausit.
1052 1861 1118 1924 lam

50 1983 108 2024 tero
131 1964 201 2027 alter
227 1967 455 2050 investigandus
481 1959 633 2054 'terminus
654 1979 718 2042 est,
750 1967 871 2050 qualem
901 1987 919 2028 a
948 1969 1048 2048 priore
1069 1965 1118 2028 vel

50 2071 113 2132 cirea
130 2083 242 2134 oratum
264 2093 419 2136 annorum
440 2073 632 2136 intervallum
652 2075 813 2136 distantem
834 2076 859 2135 si
882 2075 1019 2136 invenire
1039 2075 1118 2136 eius-

50 2175 105 2236 dem
123 2181 302 2242 auctoritatis
323 2201 452 2262 possem,
474 2180 550 2241 mibi
570 2177 749 2262 gratularer.
793 2180 858 2240 Hoc
879 2199 974 2261 opus,
1001 2178 1051 2242 hic
1073 2177 1119 2240 la·

51 2281 107 2344 bor.
144 2285 299 2350 Faciamus
320 2285 487 2370 periculum
516 2288 547 2348 in
574 2297 705 2369 utroque
726 2285 951 2370 coangustando
973 2277 1118 2366 termino,
1141 2264 1204 2348 'C‘

53 2397 176 2469 quantum
199 2393 263 2458 fieri
290 2396 379 2456 iustu
405 2393 574 2456 rationibus
601 2391 705 2477 possit.
757 2391 818 2455 Sed
849 2390 938 2455 altius
958 2392 1008 2456 hio
1029 2413 1118 2477 repe·

53 2497 169 2562 tendum.
258 2527 263 2542 ·

120 2604 189 2668 Cum
213 2621 279 2692 post
310 2581 477 2670 Homerum
506 2617 536 2668 et
558 2604 702 2690 cyclicus,
723 2608 855 2690 itemque
876 2599 1037 2688 lyricos'et
1056 2615 1118 2665 tra·

54 2711 123 2788 giem
139 2711 259 2797 aliosque
278 2726 385 2799 poetas
402 2717 486 2774 varis
507 2714 569 2774 siat
587 2713 783 2794 scriptorum,
799 2713 851 2793 qui
872 2714 903 2771 in
924 2709 1013 2770 rebus
1026 2711 1119 2770 Troi-

53 2817 90 2874 cis
111 2822 281 2900 exacuendis,
307 2819 545 2903 amplificandis,
577 2816 759 2900 explicandis
780 2827 872 2896 atque
891 2815 1118 2894 corrumpendis

51 2941 101 2980 ⁸⁰⁰
118 2925 232 3008 quisque
249 2949 335 2990 more
363 2926 474 2988 versati
494 2935 584 3002 sunt,
606 2921 817 3004 distinguenda
837 2939 958 3002 genere,
983 2918 1118 3002 philoso-

53 3027 166 3108 phorum
183 3043 210 3094 et
228 3035 449 3118 sophistarum,
478 3031 693 3094 historicorum
715 3039 744 3089 et
765 3026 939 3103 rhetorum,
964 3046 1119 3109 gramma·

53 3133 162 3197 ticulum
179 3150 208 3200 et
232 3139 485 3215 scholiastsrum;
517 3136 555 3198 ad
577 3135 660 3219 quod
688 3153 782 3215 genus
804 3131 979 3214 referendus
999 3135 1039 3194 sit
1059 3134 1118 3194 Di-

52 3251 107 3322 ,tyr
123 3250 266 3324 quaerenti
283 3245 498 3329 respondebis,
519 3241 557 3304 ad
580 3242 749 3303 historicos.
791 3239 910 3321 Dictyis
927 3237 1042 3300 indoles
1066 3259 1117 3299 ex·

53 3349 173 3424 primitur
190 3353 286 3416 verbis
306 3351 449 3434 Prologi:
480 3349 622 3435 equibus
646 3347 868 3428 (monumentis)
894 3345 1024 3406 Troiani
1046 3345 1119 3406 belli

54 3457 139 3516 aanor
157 3471 248 3522 uros
270 3462 414 3535 ιἰιιιοιιιίις
448 3454 621 3540 Epistulae:
653 3453 760 3515 avidos
783 3471 874 3512 serae
897 3453 1042 3512 Ιιιζιιοιιὶιε
1063 3473 1118 3512 cu·

52 3561 113 3638 pido
129 3565 253 3641 ιἰιαιιίις
285 3565 413 3628 Melelee
436 3585 465 3646 p.
489 3564 569 3623 3222
591 3557 610 3640 ἡ
633 3553 757 3629 ἔκθεσις
782 3555 839 3618 τοῦ
863 3555 1006 3637 Γρωϊκιιῦ
1023 3557 1117 3618 nolt-

90 3689 104 3724 ι
120 3665 194 3746 μετὰ
212 3670 361 3754 ἀληθείας
378 3672 454 3750 παρ’
477 3665 580 3730 adsoni
597 3645 817 3748 ouyypapsiou
842 3661 951 3740 πάσας
987 3663 1118 3724 Cedreni
1236 3687 1239 3694 ’

86 3773 164 3854 „mis
187 3773 284 3840 uino
312 3771 367 3840 ἀπ’
392 3775 492 3858 ἀρχῆς
515 3764 591 3858 ἄχρι
612 3773 721 3842 τέλους
738 3762 820 3848 merci
840 3765 994 3850 ἀληθείας
1024 3767 1117 3832 συνέ-

85 3891 165 3954 ιψιι.
184 3897 214 3946 et
227 3907 314 3946 mox:
336 3879 376 3946 sci
389 3882 507 3946 ἐκείνου
524 3881 581 3943 rosi
594 3877 733 3956 πολέμου
751 3875 919 3958 διασαφῶν
926 3870 1008 3954 μετὰ
1027 3865 1117 3955 dspe-

57 3985 127 4056 ,Jss
150 3981 401 4074 irreproypnpuir.
459 3988 645 4050 Historicum
669 3983 815 4066 significat
842 3982 995 4063 inscriptio
1022 3968 1123 4043 libro.¹

59 4107 113 4150 rm
130 4092 296 4175 Eplcmeris
316 4098 386 4158 belli
412 4097 547 4170 Troiani,
571 4105 602 4156 et
622 4091 787 4154 rimarem
807 4109 932 4166 nomen,
955 4087 1038 4168 quod
1063 4089 1124 4149 Di·

74 4207 78 4224 ¹
109 4208 345 4270 ·-mmoonibm
365 4205 519 4268 tribuitur.
559 4193 732 4280 ‘irrepentis
753 4198 883 4354 deniqup
905 4197 1018 4278 Dictyn
1034 4208 1150 4260 vocat·

126 4327 197 4368 ιιιι
