2860 4688
245 393 318 464 1³2
629 401 749 458 nunes
774 399 955 456 murensis

241 603 556 703 incursantesque
587 595 787 674 sinistrum
829 595 930 671 letus
974 591 1151 670 fundunt
1186 591 1331 698 fugant·

241 745 351 823 quez,
364 741 491 820 neque
518 715 649 791 multo
674 731 761 820 post
784 737 830 787 ex
854 711 950 798 aiio,
974 709 1238 788 abnuentibus
1260 711 1334 792 iam

240 836 425 925 barbaris,
449 860 495 909 ac
518 833 601 908 siue
627 833 710 906 ulia
737 830 964 906 difficultate
987 830 1113 906 versis.

338 955 443 1030 XIV.
501 955 560 1028 Itu
598 950 761 1056 plurimi
805 947 1084 1041 barbarorum,
1127 965 1231 1052 terga
1264 947 1332 1024 ubi

239 1089 405 1154 verbere,
431 1065 542 1144 foede
564 1086 606 1144 et
627 1068 709 1143 vioe
729 1067 949 1144 imbellium
975 1067 1025 1140 ab
1045 1063 1334 1171 insequentibus

239 1186 454 1294 proculcasti
463 1237 476 1274 ,
519 1183 571 1261 ad
610 1203 849 1291 postremum
886 1181 1127 1289 dispereunt:
1166 1185 1211 1261 in
1249 1183 1335 1286 quis

239 1306 369 1398 Asius,
403 1307 576 1409 Hyrtaco
608 1302 782 1406 genitus,
815 1318 973 1379 etcum
1001 1300 1228 1407 Hippothoe
1265 1303 1334 1404 Py·

238 1421 355 1512 laeus,
378 1419 423 1498 bi
439 1418 649 1508 Inrissaeis‚
674 1419 785 1496 Asius
801 1421 903 1496 Sesto
926 1436 1139 1521 regnantes.
1190 1415 1333 1493 Fodem

239 1538 305 1617 die
321 1536 399 1615 vivi
423 1565 446 1614 n
470 1535 658 1614 Diomede
675 1535 889 1641 sopiuntur
909 1533 1127 1626 duodecim,
1152 1533 1202 1608 ab
1222 1533 1334 1610 Aiane

195 1679 200 1702 ¹
238 1653 509 1762 quadraginta.
559 1652 673 1760 Copti
699 1653 817 1730 etiam
843 1657 924 1729 Isus
948 1671 988 1728 et
1011 1648 1205 1744 Evander,
1231 1649 1334 1724 Pria·

240 1771 381 1852 midae.
429 1777 478 1849 ln
511 1797 556 1849 en
587 1797 720 1878 pugna
752 1772 992 1874 Graecorupn
1024 1771 1186 1848 Guneus
1218 1767 1333 1843 inter·

240 1891 373 1983 fectus,
399 1913 467 1966 rex
491 1889 682 1995 Cyphius,
706 1889 931 1966 vnlneratus
955 1888 1072 1964 etiam
1099 1886 1332 1971 Idomeneus,

240 2006 322 2085 dux
347 2025 487 2086 noster.
536 2009 718 2084 Ceterum
740 2005 811 2082 ubi
835 2006 993 2082 Troiani
1021 2031 1153 2080 muros
1178 2003 1334 2106 ingressi

239 2125 410 2201 elausere
433 2139 574 2230 portas,
598 2141 638 2202 es
662 2123 751 2202 finis
776 2122 948 2200 instandi
972 2121 1098 2200 faesus
1122 2139 1186 2212 est,
1213 2123 1335 2198 nostri

239 2241 404 2351 spoliata
434 2242 552 2322 armis
584 2241 741 2322 hostilia
773 2239 958 2321 cadavera
984 2258 1268 2352 apportatnque
1291 2227 1336 2319 in

243 2581 264 2642 Ι.
288 2597 314 2638 e.
333 2597 425 2655 neque
441 2589 497 2636 tsns
515 2581 693 2638 vehementes
712 2582 850 2640 bellsutss
873 2581 908 2636 sb
935 2580 1017 2636 hoste
1042 2583 1266 2655 conspiciuntur:
1284 2593 1337 2634 nee

243 2652 329 2708 aliter
347 2653 438 2708 edidit
454 2653 617 2708 Obrecbtus.

315 2742 351 2780 es
367 2727 439 2790 aiio,
456 2725 642 2781 abnuentibus
659 2725 716 2778 iens
732 2722 822 2795 berb.)
852 2723 999 2777 Perizonio
1010 2723 1081 2776 Dies.
1093 2721 1239 2796 §.XXXIX
1250 2719 1338 2776 verbs

243 2809 279 2848 t:
297 2797 357 2850 elio
375 2803 494 2851 sonant.-
512 2813 546 2851 ει
563 2798 619 2849 siis
636 2803 724 2866 perte.
758 2793 925 2862 vindingius
945 2794 998 2865 legi
1023 2796 1101 2848 iubet
1118 2811 1153 2848 es
1172 2795 1249 2858 ntia,
1275 2791 1337 2846 scii.

244 2865 762 3008 biiibiiiopii⁰iivn⁰piii¹⁰vi
777 2868 819 3006 ἵ·
840 2864 1066 3008 tibitibi:
1080 2883 1187 2988 “ss
1197 2869 1340 2988 32'322155

247 3003 361 3074 quidem
379 3007 536 3071 iudicetur,
564 3008 683 3062 Graecos
709 3004 857 3076 bipertitos
875 3005 983 3057 duobus
1011 3008 1188 3077 expertibus
1207 3006 1340 3074 deinceps

245 3077 278 3128 iu
298 3074 430 3128 berbssoe
455 3078 597 3147 irrupisse.
635 3077 682 3128 Ex
698 3077 793 3130 elini.
815 3093 838 3130 e.
859 3077 888 3128 in
901 3077 977 3141 nlio,
997 3077 1102 3143 nitero,
1126 3079 1223 3130 dextro
1242 3076 1342 3127 intere.

245 3145 279 3197 ei.
291 3143 379 3198 Ginss.
416 3147 489 3200 bisse
508 3163 567 3200 mes
583 3146 730 3215 explicatio
749 3149 855 3218 egregie
872 3154 1040 3201 sustentetur
1062 3149 1183 3202 lectione
1206 3147 1264 3200 MS.
1291 3145 1343 3197 Pe·

247 3216 294 3270 sis.
304 3223 333 3266 et
345 3215 395 3268 sd.
406 3217 476 3270 Crat.
493 3235 583 3291 neque
598 3219 683 3270 snuiw
702 3229 765 3288 post
782 3235 817 3268 ex
834 3218 893 3271 alio
911 3219 1000 3274 latere
1018 3219 1080 3272 obn.
1098 3223 1153 3274 inin
1167 3218 1244 3272 berb.
1263 3215 1344 3268 idem

245 3285 403 3340 Perizonius
421 3303 470 3358 pro
488 3287 674 3340 abnuentibus
690 3287 727 3358 (S.
754 3285 826 3341 Gen.
854 3304 906 3340 sec.
933 3289 978 3341 lx.
1003 3289 1195 3345 adnuentibus.
1220 3305 1287 3358 opp.
1314 3293 1346 3338 et

246 3355 298 3411 Ed.
317 3357 403 3409 Ptine
422 3357 612 3411 annuentibus
636 3353 743 3429 ,bned
760 3375 869 3410 sensum
887 3357 990 3411 bebere
1007 3362 1074 3412 setis
1093 3359 1267 3414 commodum
1288 3373 1344 3410 ne-

246 3437 300 3498 get,
318 3427 378 3478 suit
393 3427 564 3482 abeuntibus.
628 3444 689 3479 usin
708 3429 893 3481 coniecturam
914 3431 1053 3502 explosum
1067 3431 1120 3482 ism
1132 3431 1238 3484 sidens
1250 3429 1346 3482 Wsss.

247 3498 284 3550 sd
301 3498 367 3551 snt.
385 3499 442 3568 lug.
458 3515 500 3564 ps.
518 3506 548 3553 et
564 3496 715 3568 Wopkens.
733 3517 762 3569 p.
782 3501 824 3568 57.
861 3501 948 3566 Saepe
968 3503 1072 3572 quippe
1097 3501 1219 3555 abnuere
1237 3499 1347 3550 milites

247 3569 397 3633 dicuntur,
429 3570 476 3642 qni
504 3567 659 3622 detrectent
696 3587 810 3638 signnm,
839 3571 976 3622 etoffiein
995 3573 1126 3624 militaris
1145 3571 1348 3642 praeisssitu·

246 3639 313 3694 dine
334 3647 470 3699 recusent.
488 3638 521 3693 ei.
541 3639 629 3694 Gloss.
685 3657 766 3692 ensus
785 3641 907 3713 denique
927 3644 1012 3694 totius
1032 3643 1084 3695 loci
1096 3643 1141 3695 hie
1155 3651 1212 3694 eet:
1230 3641 1272 3694 Ex
1287 3653 1349 3692 une

267 3717 325 3762 sete
344 3711 426 3764 simui
441 3727 536 3763 omnes
547 3709 645 3763 Genesi
662 3710 854 3765 vehementem
873 3713 1007 3779 impeturn
1026 3715 1054 3766 in
1064 3713 1204 3765 sinistrum
1217 3711 1351 3764 hostium

261 3789 320 3832 stus
337 3780 480 3845 iecerunt,
504 3781 645 3852 fessosque
667 3777 713 3835 eos
738 3781 888 3834 fuderunt:
919 3781 1013 3850 fngnto
1038 3783 1090 3836 boc
1117 3783 1221 3845 intere,
1245 3781 1351 3834 susim

248 3853 332 3906 etiem
353 3851 478 3904 dextrum
498 3851 618 3904 hostium
633 3869 717 3906 cornu
737 3856 872 3922 eggressh
897 3853 927 3903 in
948 3853 1038 3922 inflans
1058 3862 1218 3914 vertes-unu
1235 3851 1354 3922 qnippe

246 3923 312 4046 {essi
332 3939 367 3975 ex
383 3924 476 3994 priore
494 3923 590 3975 labore
607 3924 717 3976 herbosi
738 3939 858 3994 pugnam
874 3931 1034 3977 recussrunt
1051 3924 1277 3996 iscilequetergs
1298 3921 1357 3975 de·

267 4000 357 4047 erunt

319 4063 392 4116 XIV.
427 4075 506 4128 terge
523 4061 572 4114 ubi
589 4063 711 4134 vertere)
746 4063 806 4116 lios
830 4062 928 4116 ordine
947 4063 973 4117 S.
993 4063 1065 4115 Gsil.
1085 4079 1140 4119 sec.
1156 4061 1203 4118 tx.
1233 4069 1265 4114 et
1294 4063 1352 4114 lid.

247 4135 349 4196 Ptine,
366 4147 423 4184 non
442 4134 491 4186 ubs'
508 4145 617 4187 uertere
634 4146 723 4204 terga.
760 4135 833 4187 Loco
851 4135 999 4188 verbosum
1018 4132 1101 4202 foede
1118 4147 1147 4189 et
1166 4137 1225 4190 viee
1243 4133 1355 4186 s'sssbel-

246 4205 316 4331 ἐπὲων·
334 4205 381 4288 Ed.
401 4203 471 4285 Crat.
508 4203 624 4275 presbet
633 4202 721 4278 foede
738 4207 821 4260 evicti
838 4205 869 4258 in
897 4206 989 4270 betio,
1007 4217 1035 4259 et
1057 4205 1092 4287 eb
1110 4207 1164 4266 ins,
1198 4203 1268 4258 Mox
1295 4203 1353 4258 Ed.

278 4289 331 4331 sss.
351 4293 382 4328 sn
399 4289 486 4346 quest.

324 4493 335 4531 ὁ
410 4550 414 4562 ι
