2698 4688
308 347 355 396 ΣΧ
775 349 1021 400 rxmouucrro.

304 535 397 596 cardo
413 547 443 598 et
461 533 621 596 umbilicus
642 535 734 596 totius
759 535 876 612 iliadis,
897 537 988 597 aliam
1001 534 1146 614 originem
1161 533 1267 610 babet,

303 651 366 702 tam
386 644 548 723 conspicua
567 641 598 702 in
619 640 716 702 lucem
739 643 857 723 prodit,
880 663 971 724 quam
993 639 1073 718 apud
1096 640 1260 701 Homerum

301 750 423 832 quidem
444 751 506 830 ipse
526 749 656 809 sentiens
676 749 738 809 irae
758 769 862 810 causas
882 746 1037 826 cumulat,
1068 743 1142 807 elias
1161 767 1195 808 ex
1223 769 1267 827 prr

302 855 489 936 temporibus
517 855 548 914 in
578 855 777 935 praesentiam
799 853 1020 916 transferendo.
1064 851 1191 914 Achillis
1220 855 1264 912 ira

299 965 409 1022 iustam
431 981 552 1021 causam
572 959 740 1036 desideres,
770 972 915 1022 nontam
936 961 1087 1022 obstinata
1108 969 1138 1020 ct
1157 957 1266 1020 duratu

298 1089 391 1150 quam
411 1068 492 1150 apud
516 1067 700 1128 Homerum:
725 1070 784 1128 iam
806 1068 886 1129 enirn
909 1077 977 1129 ante
999 1064 1132 1129 Patrocli
1146 1075 1267 1126 mortem

300 1197 368 1236 rum
389 1177 573 1235 Graecorum
595 1175 730 1235 futilibus
750 1174 892 1257 precibus
916 1172 1047 1235 llectitur
1066 1170 1216 1250 Achilles,
1237 1173 1267 1232 iri

297 1283 396 1364 ponit,
417 1281 533 1344 bostem
554 1280 748 1364 aggreditur,
779 1279 831 1340 sed
852 1279 977 1342 vulnere
997 1283 1029 1340 in
1050 1299 1142 1340 manu
1164 1289 1267 1362 accept

298 1388 438 1464 excedit,
460 1389 576 1461 donec,
598 1387 731 1448 Patrocli
754 1387 857 1448 andita
877 1385 986 1461 mede,
1012 1405 1093 1448 nove
1114 1383 1257 1448 adversus

296 1515 351 1556 nos
371 1497 417 1555 ira
436 1494 590 1577 repletus,
612 1505 763 1555 certamen
784 1494 902 1576 repetit.

377 1603 494 1663 Omitto
516 1602 673 1662 nominare
692 1600 825 1681 singulos
844 1600 1024 1683 scriptores,
1057 1621 1133 1683 qnos
1153 1598 1261 1682 Dictys

294 1710 382 1788 serit,
403 1729 501 1791 neque
522 1728 759 1770 commemorare
773 1727 878 1769 omncs
898 1727 1037 1790 possum,
1059 1729 1129 1769 cum
1148 1728 1184 1770 ex
1205 1729 1267 1770 rect

292 1819 376 1878 simis
400 1837 488 1898 saepe
509 1815 643 1876 fontibus
663 1814 817 1890 hauserit,
840 1813 1001 1898 pluresque
1021 1835 1109 1897 saepe
1128 1816 1267 1876 variorun

298 1925 441 2007 quiorum
470 1920 587 1982 fabulas
612 1924 758 1983 inunum
781 1921 956 1983 conflaverit
976 1933 1007 1984 et
1027 1920 1267 2004 conglutinaveri

296 2031 373 2112 signi
400 2027 555 2110 diligentia
581 2031 700 2103 omnio,
731 2049 809 2113 quae
837 2027 876 2090 de
896 2027 977 2089 bello
998 2024 1132 2090 Troiano
1152 2030 1263 2110 scripta

292 2135 386 2210 bant,
410 2137 525 2218 integra
546 2145 576 2195 et
597 2145 756 2218 corrupta,
785 2135 929 2196 corrasit:
953 2155 1032 2197 nova
1052 2137 1169 2196 ratione
1191 2133 1267 2196 lliao

291 2241 436 2304 braturus
457 2262 490 2303 ex
511 2240 558 2301 bis
582 2240 722 2300 omuibus
745 2238 845 2322 elegit,
868 2261 929 2300 non
949 2251 984 2301 ut
1007 2240 1116 2302 tradita
1136 2241 1267 2302 retineret

292 2359 328 2409 ut
361 2367 432 2408 suae
459 2357 586 2407 naturae
606 2347 831 2418 accomodaret,
863 2367 1038 2428 novumque
1070 2358 1189 2429 partum
1208 2347 1266 2408 ⁴cou

297 2455 383 2514 cuius
404 2451 493 2514 fldem
515 2455 732 2532 veritatemque
759 2454 903 2514 ementito
936 2463 1135 2536 argumento,
1167 2455 1266 2535 ipsum

291 2557 425 2620 Troiano
447 2558 615 2620 interfuisse
636 2560 759 2638 eiusque
785 2559 917 2640 aliquam
939 2559 1031 2619 fuisse
1051 2570 1184 2640 partem,
1217 2580 1265 2620 cor

292 2669 338 2726 vit
366 2676 397 2727 et
424 2665 603 2749 obsignavit.
651 2665 710 2726 Sed
732 2665 894 2746 idipsum,
918 2663 1000 2747 quod
1023 2667 1179 2727 veritatem
1198 2669 1265 2728 totie

292 2773 321 2850 l,
347 2773 394 2845 13,
417 2773 456 2833 V.
487 2793 533 2853 17,
550 2772 608 2833 Vl.
632 2771 697 2855 ro.)
733 2771 820 2833 nobis
847 2759 1026 2854 persuadere
1055 2771 1174 2849 studet,
1203 2793 1264 2833 rnen

292 2899 360 2939 eum
381 2876 482 2939 efficit.
524 2877 637 2937 Totum
663 2877 782 2961 cyclum
802 2878 947 2939 Troicum
966 2875 1026 2937 illis
1047 2877 1264 2961 corruptionibr

177 3022 181 3030 2
292 3003 361 3043 mus
382 2983 484 3042 infecit
506 2983 632 3064 Dictys3
662 3003 792 3065 cumque
811 2983 945 3044 fictiones
966 2982 1013 3044 vel
1035 2984 1183 3066 plurimae
1203 2985 1262 3045 ban

292 3090 426 3169 ineptae,
448 3087 540 3148 immo
563 3086 662 3148 felices
682 3091 762 3167 sint,
795 3099 885 3170 atquc
906 3091 1120 3171 posterioribus
1144 3091 1263 3174 plaeere

293 3193 402 3254 delicet
417 3195 504 3274 quasi
520 3203 659 3253 emortua
672 3193 846 3275 mytborum
863 3197 1056 3278 antiquorum
1071 3197 1262 3280 pulchritudir

293 3302 506 3384 praestantiam
520 3299 707 3381 integrorum
725 3300 860 3381 capiendi
874 3311 904 3362 et
917 3302 1085 3365 admirandi
1099 3303 1251 3384 facultate,

292 3403 513 3466 oblectantibus
537 3423 600 3464 sese
616 3405 725 3464 animid
746 3407 779 3464 in
803 3425 945 3468 verarum
967 3408 1159 3472 historiarum
1179 3413 1262 3493 nugis

291 3509 403 3572 multos
414 3509 556 3570 Troicam
573 3507 707 3570 fabulam
717 3509 889 3572 celebrandi
907 3516 1040 3576 aemulos
1051 3517 1208 3580 excitavitr
1232 3529 1262 3578 at

290 3618 396 3699 Dictys
416 3617 523 3678 merito
543 3617 636 3695 nori,
658 3615 742 3699 isque
765 3617 988 3682 mendaciorum
1008 3625 1093 3705 quasi
1108 3623 1171 3686 ludi
1187 3636 1216 3686 et
1238 3643 1261 3686 o:

289 3726 430 3806 princeps
459 3725 633 3785 nominatur
660 3733 691 3784 et
719 3735 834 3785 auctor.
878 3727 962 3790 Inter
981 3727 1115 3792 aemulos
1135 3733 1260 3793 interni

290 3829 439 3891 referendi
460 3839 532 3889 suot
550 3829 646 3890 Dares
666 3829 828 3912 Pbrygiae,
849 3833 899 3892 cui
923 3853 958 3894 ex
982 3834 1090 3918 Dictye
1102 3836 1195 3898 multa
1211 3835 1260 3900 adl

289 3936 370 3998 infra
403 3933 534 4012 docebo,
567 3935 713 4018 Sisyphus
739 3936 820 4000 Cous
839 3949 869 4000 et
889 3938 1048 4002 Phidalins
1071 3943 1259 4024 Corinthius,

289 4039 395 4103 itidem
415 4039 527 4124 Dictyn
550 4061 614 4101 esse
640 4043 792 4121 imitatos,
825 4065 860 4104 ex
881 4047 1085 4108 narrationum
1115 4049 1246 4112 hustulis

288 4147 349 4212 leia
378 4167 414 4211 ex
450 4149 488 4212 iis
520 4149 646 4213 soram
676 4147 775 4231 miani
807 4162 872 4232 est;
903 4153 1009 4234 procul
1042 4153 1136 4218 dubio
1169 4157 1258 4222 etiam
