2698 4688
481 319 724 370 tttrttontttmo.
1074 325 1162 372 Ulli

80 506 183 578 latmi,
216 527 250 568 se
276 505 423 567 Grceuuu
453 503 569 592 Dictyn
598 507 631 568 in
662 504 796 568 omnibus
825 506 909 568 rebius
935 515 1061 566 munim
1088 529 1162 577 esse.

81 615 195 681 Su'lioet
213 616 246 676 iu
267 617 334 696 ipso
352 613 434 676 bello
451 615 585 677 Troiano
610 615 711 677 Guido
733 635 807 678 usus
827 624 875 676 est
891 612 1026 690 Darete,
1051 615 1086 674 in
1114 636 1164 676 re·

81 721 139 780 dita
158 721 352 782 Graecorum
373 719 505 804 Dictys,
530 731 621 804 atque
642 721 724 800 hunc
749 722 781 782 in
802 718 945 782 omnibus
967 731 1086 782 secutus
1105 731 1162 800 est,

81 837 112 886 ut
134 825 184 886 uel
216 845 253 886 ex
276 825 410 888 ilenrico
439 837 539 908 patet,
570 826 641 890 licet
663 826 723 890 alia
745 829 892 909 copiosius
917 846 1009 909 quem
1037 829 1163 889 Latinus

81 932 226 1015 interpres
248 933 425 1015 Septimius,
456 933 515 996 alia
535 935 658 998 brevius
683 955 829 1010 narrans,
854 936 885 994 in
911 931 1094 1020 quibusdam
1116 945 1163 998 ta·

80 1059 166 1118 meu,
183 1042 212 1102 si
234 1040 360 1102 llenrici
382 1041 434 1102 bio
456 1061 518 1107 non
543 1052 589 1103 est
611 1041 794 1125 inculpanda
815 1040 996 1124 negligentia
1019 1039 1068 1104 vel
1091 1064 1163 1104 mu-

81 1146 159 1208 tandi
177 1146 350 1229 cupiditas,
378 1147 418 1210 ab
442 1148 578 1230 exemplo
605 1149 742 1212 diversris
762 1148 871 1211 abiisse
897 1147 1049 1210 videatur.
1091 1151 1162 1212 Nou

81 1255 271 1314 interruisisse
294 1252 465 1314 Gmdonem
484 1255 569 1316 varia
593 1275 628 1316 ex
650 1276 706 1316 suo
726 1255 880 1338 seculique
898 1257 944 1316 sui
971 1258 1092 1337 ingenio
1113 1269 1160 1320 at-

82 1371 190 1434 texere,
219 1360 327 1422 lectori
354 1371 471 1422 attento
494 1360 581 1424 facile
603 1373 721 1444 putere,
748 1365 791 1424 ait
813 1360 837 1425 l.
860 1362 882 1425 l.
906 1361 1075 1426 Fabricius.
1115 1365 1162 1427 Ut

82 1468 227 1532 llearicus
255 1490 378 1554 quoque
407 1470 440 1532 in
462 1467 797 1556 singulisuuibusdnrn
816 1469 915 1531 aliena
939 1473 1069 1532 versioni
1089 1492 1162 1534 susc

82 1575 292 1656 admbmerit,
325 1576 498 1639 Guidonem
523 1579 729 1640 immutaverit
751 1587 781 1640 et
807 1575 1057 1658 adumbraverit,
1082 1587 1161 1640 atta·

82 1703 145 1744 meu
161 1705 212 1745 me
229 1687 264 1746 in
280 1686 456 1746 universum
473 1705 508 1746 ex
519 1706 565 1782 ‘eo
580 1686 620 1746 de
640 1685 782 1746 Gnidone
803 1705 865 1746 uon
881 1685 999 1746 sinistre
1015 1684 1162 1748 iudicasse

82 1789 216 1857 arbitror.
236 1825 279 1840 -
299 1793 347 1854 Ex
366 1791 517 1855 Gnidonis
531 1803 632 1856 autern
647 1793 815 1855 imitatione
835 1803 865 1854 et
881 1793 1006 1855 Hearici
1023 1793 1161 1856 versione

82 1897 272 1978 probabiliter
290 1899 448 1962 diiudicari
471 1910 547 1983 puto
569 1903 739 1980 rationem,
759 1921 851 1983 mam
869 1900 901 1962 in
922 1898 1003 1962 bello
1024 1901 1160 1964 Troiano

81 2005 283 2088 componendo
297 2008 401 2070 sectati
417 2009 479 2070 sint
494 2010 654 2092 scriptores
672 2010 816 2071 Germani
833 2029 867 2070 ex
883 2001 940 2068 sec.
958 2005 1061 2086 XlV.,
1083 2005 1162 2068 ller-

81 2109 179 2174 benus
199 2111 426 2192 Fritzlarensis,
459 2113 544 2176 Hans
566 2113 643 2176 Yair
670 2113 917 2197 Noerdlingensis
947 2122 978 2173 et
1003 2112 1162 2178 Conradus

80 2217 349 2302 ll'nersburgensis
371 2220 453 2300 (vid.
480 2221 585 2304 Hagen
609 2231 639 2282 et
659 2221 827 2304 Buesching
844 2219 904 2282 l.l.
929 2239 962 2302 p.
987 2219 1058 2287 218.
1082 2241 1154 2306 ²¹9·

84 2335 112 2384 et
133 2325 199 2394 arb.
224 2327 306 2404 250;
334 2347 410 2410 quos
442 2330 532 2390 etiam
564 2327 602 2388 de
625 2327 756 2389 ilenrico
782 2327 943 2409 Bruusvig.
969 2325 1108 2390 consulas
1126 2350 1158 2410 p.

86 2433 140 2508 tit
156 2439 229 2517 sep),
270 2432 321 2494 bic
340 2435 471 2513 Daretis,
489 2434 535 2495 illi
557 2435 704 2496 Guidouis
721 2445 899 2496 sectatores:
914 2435 967 2516 qui
981 2445 1081 2496 umen
1095 2456 1161 2496 ma·

87 2541 144 2598 iore
160 2560 228 2600 cum
249 2539 389 2602 libertate
407 2543 452 2600 usi
473 2539 615 2602 videntur
637 2539 846 2622 scriptoribus,
872 2561 950 2622 quos
969 2543 1063 2602 secuti
1073 2552 1158 2602 sunt.

163 2647 257 2728 igitur
274 2649 373 2706 Dares
397 2645 550 2728 Phrygius
572 2646 655 2706 haud
677 2667 807 2728 paucos,
834 2647 1051 2708 recentioribus
1072 2666 1161 2728 pree·

92 2753 187 2814 mum
214 2753 340 2832 merlis,
366 2765 458 2836 atque
490 2753 629 2816 Guidone
657 2756 845 2836 potissimum
874 2763 1012 2824 auctore,
1046 2751 1163 2814 invenit

90 2856 208 2920 bctom
229 2863 453 2936 etiruitetores.
495 2861 594 2924 Ceteri
616 2859 688 2922 belli
714 2861 854 2936 Troiani,
873 2878 950 2942 quos
971 2880 1062 2942 supra
1079 2881 1162 2920 oom-

91 2971 335 3042 mcmoravimus,
361 2969 532 3050 scriptores,
555 2968 716 3050 Sisyphus,
737 2965 906 3043 Phidalius,
926 2965 1080 3050 syagrius,
1101 2987 1163 3028 non

91 3075 140 3132 nisi
159 3095 220 3136 uuo
239 3085 270 3134 et
289 3073 385 3136 altero
404 3072 503 3134 locoa
526 3071 742 3154 posterioribus
762 3074 884 3135 nomine
903 3085 1079 3157 tanguntur.
1106 3076 1164 3134 Di-

91 3189 150 3260 ctys
172 3191 289 3252 eontra,
314 3181 482 3240 sanioribus
500 3179 679 3261 plerumque
697 3179 845 3262 figmentis
872 3171 992 3244 animos
1011 3179 1164 3261 alliciens,

92 3296 186 3368 totque
205 3286 333 3348 aemulis
351 3285 468 3364 clarus,
497 3297 565 3370 post
585 3286 722 3346 nondum
742 3287 889 3348 ducentos
908 3309 1006 3350 annos
1026 3310 1092 3351 eam
1114 3312 1163 3350 ce-

92 3389 251 3454 lebritatesa
272 3405 380 3454 nactus
398 3404 461 3468 est,
489 3405 525 3453 ut
545 3393 584 3454 ab
606 3393 730 3454 homine
752 3392 823 3455 satis
839 3393 929 3458 docto
945 3397 976 3456 in
997 3417 1165 3458 sermonem

93 3499 223 3563 hunum
256 3505 322 3564 eius
352 3501 494 3562 biston'ae
521 3511 731 3578 verterentur,
761 3523 930 3588 magnoque
963 3506 1164 3585 posteriorum
1248 3497 1251 3506 ’

94 3611 281 3692 scriptorum,
310 3609 357 3681 εἰς
382 3607 507 3671 δίκτυον
526 3603 685 3691 ἱστορικόν
705 3609 895 3683 illectorem,
931 3629 1058 3672 numero
1084 3610 1164 3692 lege·

94 3729 189 3778 rentur
210 3730 240 3780 et
257 3717 476 3801 expilarentur.
518 3717 622 3800 Atque
636 3717 814 3790 historicum
829 3695 932 3779 selum
953 3718 1167 3800 Dictyacarum

96 3844 235 3888 seneaum
268 3830 361 3888 etiam
386 3827 568 3908 posteriores
599 3825 862 3908 mytbographos,
894 3825 1105 3906 grammaticos
1137 3835 1168 3884 et

96 3931 255 3996 mboliastas
286 3936 445 4008 iniecisse,
478 3933 527 3996 vix
560 3933 714 3995 dubitem:
746 3936 796 3994 cui
828 3931 951 4016 quidem
974 3930 1111 4014 opinioni
1134 3931 1167 3988 iu

97 4040 238 4116 pumnltis
250 4042 373 4104 illorum
389 4042 548 4102 bominum
559 4039 800 4114 narratiunculis,
818 4061 896 4122 quae
906 4038 1023 4120 Dictyis
1040 4036 1165 4118 sigmen-

100 4147 136 4204 tis
156 4161 221 4210 sunt
246 4149 436 4228 consimiles,
458 4147 489 4210 id
511 4144 703 4210 solummodo
724 4148 878 4210 adversari
903 4145 1063 4220 vitleatur,
1084 4147 1167 4230 quod
