2808 4686
242 407 319 478 ³10
596 422 812 476 ccosesauce
836 423 899 472 asa.
925 423 964 472 ιι.

243 631 279 674 eo
300 611 445 692 consilis,
454 609 681 699 florentissimis
700 609 803 685 sehse,
826 608 930 672 densos
951 639 991 657 ·—
1013 609 1217 695 reliquissent.
1260 611 1324 674 Ab·

241 711 370 776 laticum
382 712 555 776 absolutam
573 708 712 794 expedire
724 710 836 791 possiss
852 709 884 772 iu
902 707 995 772 rebus
1005 711 1145 771 secundis
1155 713 1320 772 constituti.

181 817 190 838 ¹
320 815 356 874 s'n
374 831 528 874 conmwse
549 845 589 860 -
608 809 834 889 consulendum)
886 809 957 870 Lib.
978 811 1020 870 V.
1050 811 1098 872 16.
1119 815 1153 872 iss
1171 833 1323 872 consmwse

237 912 437 978 consederent.
466 908 614 974 Eiusdem
642 911 808 972 sententiae
835 919 880 972 est
900 909 954 976 lib.
987 909 1027 971 V.
1063 931 1094 971 2.
1123 912 1157 970 in
1191 910 1323 972 nuditus

236 1011 443 1075 consulamus.
499 1010 691 1092 Frequentes
721 1009 871 1072 historicis
900 1009 1071 1070 formulae:
1101 1009 1200 1072 Tacit.
1234 1011 1319 1072 Ana.

236 1109 373 1189 x11.5;
394 1109 463 1172 Lis.
485 1109 602 1172 XXlV.
626 1131 685 1188 223
706 1109 781 1172 Sall.
803 1109 882 1171 ilict.
904 1110 960 1170 lV.
984 1131 1027 1193 93
1049 1108 1247 1172 Cart..Vlll.
1272 1113 1321 1173 25.

160 1204 164 1215 ⁴
236 1207 295 1274 lX.
314 1229 346 1274 2.
369 1208 551 1293 (jn—Virga.
573 1211 686 1292 Georg.
708 1209 732 1270 l.
756 1229 808 1287 27.
833 1210 867 1270 iss
887 1209 1016 1270 medium
1039 1229 1195 1292 qssaeoere.

250 1349 253 1354 ·
317 1310 390 1372 locis
410 1311 530 1389 alienis)
573 1309 655 1370 citat
674 1309 833 1374 Wass.ad
853 1307 928 1370 Sall.
951 1309 1018 1391 lug.
1036 1309 1087 1371 58.
1109 1313 1163 1392 qui
1181 1333 1236 1372 sua
1252 1312 1321 1372 loca
1383 1327 1384 1332 ’

233 1407 400 1491 defendere
416 1411 617 1491 nequiveras,
639 1411 672 1471 ia
692 1409 798 1470 alienis
818 1408 928 1468 bellum
945 1429 1057 1488 gerere.

320 1509 368 1570 ad
388 1511 506 1572 coelum
527 1510 640 1588 collese)
681 1507 757 1570 Sall.
780 1507 847 1568 Cat.
870 1506 924 1584 48.
947 1507 1122 1568 Ciceronem
1143 1509 1190 1568 acl
1205 1511 1319 1570 coelam

232 1606 352 1671 collese.
396 1608 600 1694 Frequentius
621 1617 687 1670 ests
697 1609 794 1688 serre
815 1605 862 1668 ad
879 1606 1015 1682 coelum
1037 1617 1073 1668 ut
1089 1605 1317 1691 loquiturScps.

234 1707 292 1772 lV.
319 1729 346 1770 ι.
368 1707 401 1772 Β.
427 1709 476 1788 ι4.

314 1807 433 1868 xux.
475 1826 651 1892 suspensam
669 1807 842 1882 retinerent)
882 1803 951 1868 Seio
973 1805 1151 1888 Septimium
1174 1802 1246 1868 alibi
1267 1827 1317 1866 re-

230 1905 329 1968 tinete.
349 1905 453 1967 dicere
475 1926 533 1987 pro
554 1902 683 1986 simplici
704 1917 822 1979 senem,
843 1917 877 1966 ut
898 1905 1002 1966 docuit
1022 1903 1192 1987 Wopkens.
1217 1927 1246 1986 p.
1261 1905 1314 1966 fia.

230 2002 291 2070 sed
313 2013 420 2066 nostro
441 2001 508 2064 loco
528 2002 671 2066 subtilior
690 2002 763 2066 huic
785 2003 883 2066 verbo
903 2007 999 2066 inesse
1012 2005 1057 2065 vis
1075 2005 1207 2082 videtur,
1229 2025 1315 2066 acm·

230 2123 295 2186 pce
319 2119 416 2184 parvo
438 2101 601 2166 intervallo
625 2124 643 2164 a
667 2121 699 2164 se
721 2113 869 2164 remotam
892 2113 1007 2168 tenere.
1027 2103 1133 2187 Cogita
1153 2103 1225 2182 duo,
1246 2105 1312 2187 qul·

230 2200 287 2264 bus
307 2201 491 2284 imperatum
513 2211 601 2278 erat,
624 2205 702 2264 sister
719 2222 751 2264 se
770 2223 943 2285 suspensam
963 2205 1087 2264 sasemise
1106 2204 1247 2282 hostiam,
1269 2205 1312 2266 ils

229 2311 285 2378 ut,
311 2301 421 2364 illaesis
444 2301 482 2366 iis
501 2300 558 2386 ,qui
579 2302 746 2380 tenebant,
779 2303 938 2366 commode
971 2302 1005 2364 ia
1029 2301 1105 2365 duas
1124 2313 1233 2387 parics
1263 2303 1312 2364 di-

229 2400 329 2462 scindi
346 2409 459 2482 posset.

308 2503 342 2562 in
361 2522 430 2564 eum
451 2499 543 2580 dem)
584 2509 621 2564 ut
644 2501 700 2572 lib.
721 2501 763 2564 V.
786 2519 819 2564 α.
839 2505 873 2564 s'n
892 2503 970 2566 amc
990 2501 1083 2577 diem,
1107 2525 1190 2586 pras
1215 2525 1310 2588 usque

226 2595 278 2662 ad.
297 2601 400 2662 Tacit.
424 2601 534 2684 Agric.
557 2599 609 2664 eo.
631 2599 696 2664 Nos
714 2635 756 2651 -
770 2623 897 2664 secesscs
917 2606 980 2692 ipse
1001 2625 1039 2666 ac
1057 2605 1261 2685 simsssamae
1284 2607 1315 2666 in

224 2699 301 2764 lune
321 2702 401 2764 diem
420 2701 566 2782 defendit.

307 2801 456 2864 desiderio
478 2803 606 2887 lapsscn)
626 2803 798 2885 Perperam
808 2803 987 2869 ohreehsus
1008 2802 1070 2866 huc
1088 2803 1189 2866 trahit
1209 2803 1312 2873 Picus.

223 2893 301 2961 Cisl.
323 2899 364 2960 ll.
395 2921 422 2961 s.
444 2900 477 2962 8.
501 2901 552 2964 abi
572 2902 688 2985 lapsum
711 2903 810 2964 msimi
830 2911 895 2964 est:
918 2901 1039 2980 lassum,
1060 2901 1233 2986 fatigatum.
1255 2905 1313 2965 Hic

224 2993 286 3058 loci
304 2997 426 3080 lapsum
446 3019 506 3058 csse
526 2997 690 3082 significat:
712 3021 865 3082 peccasse.
906 3003 988 3064 Bene
1010 3003 1180 3083 Wopkens.
1204 3025 1235 3084 p.
1260 3003 1311 3082 44.

223 3091 358 3154 eontulit
378 3093 485 3155 Valer.
508 3097 591 3158 Max.
614 3098 673 3161 Vl.
703 3117 730 3158 1.
756 3099 789 3160 5.
811 3119 879 3162 cum
895 3101 1075 3184 praesertim
1090 3121 1150 3164 noes
1174 3103 1310 3178 libidine,

220 3190 275 3252 sed
290 3211 391 3254 errore
425 3192 529 3276 lapsus
548 3193 654 3258 viden·
668 3197 771 3278 possit.
824 3198 917 3262 Adde
944 3195 1019 3260 Sall.
1043 3201 1110 3282 lug.
1138 3199 1206 3278 104.
1227 3215 1312 3284 pose-

219 3309 315 3376 qaam
333 3310 453 3352 errasse
483 3313 583 3374 segem
612 3308 643 3356 et
671 3294 834 3376 Iugssrtlsac
853 3299 964 3360 scelere
992 3299 1131 3382 lapsum,
1153 3299 1314 3384 depsecati

218 3401 298 3449 sant.
339 3388 436 3470 Apul.
458 3392 536 3452 Met.
558 3391 602 3452 X.
624 3413 656 3474 p.
680 3395 753 3477 723.
775 3415 815 3458 ne
841 3415 901 3477 que
924 3417 996 3458 casu
1016 3399 1132 3460 caloris
1154 3401 1311 3464 icwzalsls

215 3485 326 3570 saepem
345 3488 464 3571 lapsus,
490 3491 603 3552 nescies
616 3494 754 3554 nesciam
775 3515 913 3556 sororem
933 3495 1108 3562 incursent.

297 3585 565 3670 magnificenciam
585 3594 675 3673 segis)
715 3592 960 3679 Magmficemia
989 3609 1033 3656 ess
1052 3616 1153 3658 renem
1174 3617 1311 3679 magna-

212 3703 283 3746 rum
299 3700 330 3748 es
351 3689 539 3750 excelsarum
574 3711 643 3752 cum
666 3692 766 3754 ascims'
787 3695 897 3776 ampla
923 3695 1055 3779 quadam
1081 3710 1111 3756 et
1141 3697 1310 3780 splendida

208 3785 416 3872 pmposisiosce
438 3789 568 3870 agicaeo
595 3802 625 3849 es
656 3783 890 3861 administratio.
943 3793 1011 3854 Cic.
1037 3795 1162 3870 invent.
1186 3796 1307 3877 11.54.

295 3885 443 3950 oblectabas
466 3923 504 3941 -·
524 3890 627 3974 epum)
668 3890 808 3954 Diximus
830 3892 868 3956 de
888 3890 948 3956 hac
967 3892 1097 3958 formula
1116 3896 1149 3955 in
1163 3894 1305 3962 praefat.

295 4087 333 4148 1..
377 4087 486 4150 sedere
521 4087 669 4166 cormac)
718 4088 793 4152 Lib.
828 4090 886 4152 lll.
917 4089 948 4153 5.
981 4111 1122 4177 pugnam
1153 4096 1305 4162 senuaar.

208 4181 257 4250 Cl.
276 4185 378 4248 Tacit.
396 4185 482 4250 Ann.
506 4187 561 4266 Vl,
585 4189 637 4272 57.
662 4189 735 4252 ΧΗ.
761 4187 821 4274 495
844 4189 973 4254 amec.
995 4193 1030 4252 in
1052 4189 1123 4254 lnd.
1145 4191 1198 4256 ad.
1224 4193 1306 4256 Am·

207 4283 302 4346 mian.
329 4286 503 4350 Marcellin.
