2860 4688
477 367 571 418 nanu
596 367 741 418 ruerant
766 369 831 418 uc.
857 371 903 420 ιν.
1159 355 1227 428 tot

133 585 279 670 gmens
303 555 465 664 impulit
480 559 672 664 vertitque
697 559 739 636 in
764 559 876 636 latus.
926 559 1015 662 Quo
1034 564 1111 643 viso
1130 567 1229 674 regis

132 678 295 756 comita
339 697 559 766 accurrere,
603 676 760 752 Aiacem
802 677 1007 754 exturbare
1051 683 1226 762 nitentes·

132 795 240 869 Tum
263 788 446 879 Achilles,
478 789 549 865 ubi
573 790 748 867 barbaris
772 790 958 869 intercedi
984 794 1106 888 videt,
1142 827 1227 904 per·

135 909 195 1012 git
219 925 371 988 contra,
398 923 437 982 et
461 903 655 982 nudatum
678 925 786 984 scuto
811 906 929 985 hostis
953 909 1133 1014 iugulum
1159 915 1227 992 ha·

132 1041 193 1100 ota
220 1021 417 1124 transfigit

234 1141 320 1214 Vll.
371 1139 428 1212 lta
462 1155 616 1242 praeter
648 1163 753 1242 spem
780 1138 983 1218 interfecto
1008 1145 1225 1231 Memnone,

132 1252 258 1331 animi
293 1251 463 1328 hostium
498 1271 802 1345 commutantur,
841 1274 880 1333 et
912 1257 1066 1334 Graecis
1112 1278 1227 1340 aucta

133 1369 296 1446 liducia:
320 1367 475 1471 iamque
497 1367 734 1474 Aethiopum
758 1371 987 1462 versa-acie,
1013 1375 1135 1450 nostri
1161 1375 1223 1453 in·

129 1504 275 1563 stantes
298 1479 465 1559 caedunt
491 1484 689 1589 plurimos.
737 1486 839 1560 Tum
859 1487 1093 1592 Polydamas,
1113 1514 1224 1568 reno·

128 1627 224 1680 vare
248 1599 439 1706 pmelium
472 1601 649 1705 cupiens,
683 1598 967 1680 circumventus
999 1601 1049 1678 ad
1082 1624 1225 1708 postre-

128 1744 244 1795 mum
273 1735 391 1820 atque
423 1714 521 1792 ictus
542 1713 723 1818 inguina,
752 1717 803 1791 ab
827 1718 941 1795 Aiace
967 1717 1222 1798 interficitur:

130 1833 306 1912 Glaucus
341 1829 563 1919 Antenoris,
597 1829 796 1908 adversum
821 1829 1049 1909 Diomedem
1076 1855 1223 1928 astans,

129 1949 428 2054 Agamemnonis
447 1949 521 2024 telo
540 1945 654 2024 cadit.
704 1951 807 2026 Tum
825 1974 914 2025 vero
935 1973 1109 2026 cerneres
1128 1951 1223 2029 hinc

129 2065 339 2171 Aethiopas
373 2092 463 2140 cum
498 2065 690 2156 Troianis,
730 2092 802 2171 per
844 2091 999 2142 omnem
1041 2093 1224 2172 campum

129 2183 216 2263 sine
250 2181 388 2260 ordine
411 2199 529 2284 atque
555 2181 718 2285 imperio
743 2179 940 2284 fugientes,
967 2181 1224 2262 multitudine

131 2309 180 2378 ac
205 2297 450 2376 festinatione
477 2298 580 2373 inter
603 2323 641 2372 se
666 2297 869 2403 implicari,
895 2296 1040 2387 cadere,
1066 2325 1111 2374 ac
1134 2327 1223 2378 mox

127 2417 353 2524 palantibus
377 2413 487 2519 equis
513 2415 749 2520 proculcari:
776 2413 869 2490 hinc
891 2416 1054 2492 Graecos
1079 2441 1223 2492 resum-

128 2534 182 2612 tis
212 2533 349 2610 animis
381 2531 510 2636 sequi,
548 2529 724 2622 caedere,
765 2529 1044 2635 impeditosque
1083 2528 1222 2605 dissol-

129 2673 244 2742 vere,
284 2667 401 2756 atque
433 2649 488 2726 ita
524 2644 732 2726 confodere
771 2647 926 2724 laxatos.
986 2643 1222 2725 Redundant

124 2955 252 3020 nimus,
277 2959 310 3006 ut
324 2959 498 3008 controversa
514 2951 598 3010 verbs
615 2967 632 3003 ι
650 2949 799 3004 scholiasta
821 2947 857 3002 sd
882 2945 1117 3018 interpretandum
1143 2947 1217 3004 illud

124 3028 224 3098 gravis
243 3025 351 3078 adiecta
370 3039 430 3078 esre
452 3025 568 3079 credine
606 3024 710 3078 Gravis
728 3024 802 3075 enim
824 3027 867 3074 est
884 3019 958 3072 idem
978 3020 1051 3090 quod
1068 3021 1160 3076 lib.ll.
1173 3021 1219 3088 43.

126 3099 164 3151 de
184 3095 282 3152 eodem
300 3097 382 3149 tinec
399 3105 460 3148 tota
477 3095 564 3160 mole,
580 3095 598 3148 l.
620 3111 644 3146 c.
664 3093 793 3146 omnibus
810 3090 925 3143 viribus.
959 3091 1051 3162 Atque
1081 3090 1146 3144 huic
1165 3091 1219 3144 ad·

125 3167 267 3222 iuvandae
285 3167 412 3236 opinioni
431 3180 490 3219 esse
507 3165 562 3219 tibi
578 3162 725 3218 rideantur
743 3163 879 3234 descripte
896 3160 977 3214 serbe
996 3161 1219 3216 MalelrectCe-

124 3238 223 3300 dreni,
249 3253 301 3290 nec
323 3253 380 3290 non
403 3237 486 3320 lectio
512 3235 561 3291 Ed
584 3233 658 3295 Cret,
680 3233 792 3289 viribus
817 3235 972 3304 ingruens,
997 3233 1104 3286 omissis
1126 3233 1219 3290 verbis

124 3327 259 3435 mnudi.
260 3319 502 3449 1ilii-waimisre
521 3391 540 3430 a
557 3373 707 3442 barber-iu
731 3375 822 3425 otest
841 3369 871 3423 in
890 3371 1035 3434 omnibus,
1062 3388 1130 3444 quus
1157 3372 1218 3425 vidi

124 3447 309 3504 editionibus.
346 3449 431 3504 abent
449 3461 572 3518 praepos.
592 3445 716 3497 utribus
737 3441 815 3498 MSS.
850 3443 942 3495 ilecto.
961 3441 1022 3495 Lib.
1042 3442 1076 3496 11.
1096 3459 1219 3497 nomun-

124 3522 180 3576 etis
204 3519 383 3584 decernitur,
407 3533 474 3590 pro:
501 3532 517 3571 ι
544 3515 657 3572 cunctis
675 3515 707 3568 v.
727 3515 752 3568 3.
772 3513 819 3567 rui
836 3529 895 3567 non
917 3513 1024 3566 amicus
1040 3539 1071 3555 ·-
1092 3511 1218 3570 inueniri

120 3603 426 3720 miilii'ocaidquiri
474 3657 585 3714 urinas.
614 3655 682 3712 ium
701 3653 775 3722 Pei.)
808 3651 886 3704 Librl
910 3652 965 3704 mel
989 3647 1118 3734 caedunt.
1153 3653 1220 3706 Pri·

118 3747 184 3786 ιω
212 3745 270 3786 tun
294 3731 355 3788 Pol.
388 3731 427 3786 lio
448 3746 492 3783 em
514 3727 596 3782 modo
619 3725 749 3799 plurimis
774 3729 935 3793 corruptum
955 3724 986 3774 in
1012 3723 1113 3794 primis
1143 3721 1222 3775 ridl-

118 3819 185 3856 παι
203 3821 227 3854 c.
247 3804 280 3860 5:

197 3871 334 3944 inguina)
368 3871 417 3926 Ed.
445 3867 533 3925 Prius.
554 3866 680 3938 inguim.
698 3881 723 3920 v.
746 3861 836 3948 (ileu.
855 3860 891 3914 ad
908 3861 941 3912 ll.
960 3861 1005 3927 4ο.
1041 3857 1074 3912 In
1092 3875 1168 3933 seqq.
1188 3859 1219 3915 S.

117 3943 199 3998 Gall.
219 3960 273 3997 sec
291 3941 335 3996 11.
353 3941 481 3999 editam.
518 3937 594 3990 idem
611 3944 639 3989 et
657 3935 704 3988 ed.
723 3933 811 3990 Ptine.
849 3933 927 3986 tunc
955 3946 1026 3983 vero.
1064 3929 1136 3982 Crat.
1163 3935 1220 3986 Ae-

116 4015 241 4087 thiens.
278 4015 318 4066 De
338 4015 430 4067 Aeone.
446 4009 596 4081 Aethiopas
613 4005 741 4059 consular
760 4003 853 4056 Heius.
875 4001 911 4054 ad
929 3999 1009 4052 Orid.
1028 3998 1093 4053 Met
1113 4001 1135 4057 l.
1159 4005 1222 4066 ria,

114 4087 198 4143 rare
220 4086 272 4139 lll.
290 4085 350 4156 4³9
388 4083 489 4138 Noster
509 4097 532 4134 c
555 4097 594 4148 ¹7·
613 4074 815 4144 Myrmidonas.
833 4072 866 4124 V.
887 4073 928 4126 16.
947 4069 1142 4124 Plistheniden.

195 4153 306 4212 cedere*
346 4153 393 4208 ei
420 4153 501 4208 Prlnc
524 4165 553 4205 et
570 4145 680 4203 cadere.
715 4146 788 4198 lnlrr
822 4145 896 4198 Crat
925 4137 1077 4213 impeditos.
1102 4148 1133 4195 ut
1160 4141 1221 4200 vult

114 4227 211 4283 etism
229 4227 285 4279 Vin
336 4225 424 4299 gius,
442 4229 538 4280 contre
554 4235 638 4294 quem
654 4235 680 4280 v·
699 4213 848 4288 Wopkens.
865 4231 893 4286 p.
911 4213 954 4286 7³·

166 4361 294 4398 nrcrrs.
987 4319 1022 4382 ll
