2698 4688
235 376 293 425 mr
662 369 907 426 rumonucrro.
950 339 957 354 ⁸

236 561 448 644 introducendi
470 560 643 644 cupiditas,
668 568 782 642 quanta
803 559 979 642 praesertim
1002 559 1034 618 in
1056 552 1188 640 Apuleio
1209 571 1278 614 cone

234 691 292 732 cua
323 681 379 736 eat.
420 669 490 730 Seio
517 677 705 731 surrecturos
735 676 841 729 contra
875 666 956 730 hanc
991 663 1188 740 seutentiam,
1218 659 1278 743 quil

234 775 411 840 Ruhnkenii
432 777 464 837 in
480 773 628 838 'Praefan
648 773 818 858 Apuleiana
838 775 872 834 in
893 773 995 834 animo
1015 781 1086 834 aunt
1106 778 1214 834 contra
1231 770 1280 832 Ru

191 866 195 890 ¹
235 885 309 946 eum
341 883 390 964 (aa
411 881 506 966 Apul.
532 881 607 950 ue.
635 883 725 946 viu.
751 906 783 966 p.
806 881 891 962 550.)
917 881 1032 958 verua,
1063 875 1139 940 nun
1164 873 1279 959 apum

233 991 299 1052 aine
322 987 458 1072 exemplo
479 989 653 1073 scripsisse3
684 991 717 1050 in
744 1011 804 1073 qua
825 991 974 1052 sententia
993 985 1124 1070 praeivit
1143 982 1279 1046 uudenu

232 1101 301 1181 pius
324 1096 364 1158 ad
383 1096 480 1179 Aput.
502 1097 567 1160 Met
587 1096 644 1162 lv.
658 1096 774 1180 pente.
816 1095 877 1158 Sed
902 1115 972 1158 cum
995 1094 1085 1156 aliter
1102 1094 1234 1156 sentiant
1254 1112 1279 1152 er

233 1204 289 1266 diti
304 1201 375 1283 alii,
404 1213 566 1269 timuero
590 1203 670 1266 idem
700 1205 762 1288 ipre
782 1202 1021 1286 Oudendorpiua
1050 1199 1134 1262 haud
1161 1220 1279 1284 paucou

233 1311 398 1378 verborum
429 1311 647 1396 phraaiumcpre
670 1311 822 1376 desiderat
847 1308 993 1393 exempla,
1017 1320 1108 1392 atque
1129 1308 1168 1370 ad
1187 1310 1262 1376 Met.

232 1441 265 1502 p.
291 1417 360 1483 380.
382 1419 459 1482 adeo
479 1421 649 1503 profitetur,
673 1419 764 1504 plura
784 1439 849 1482 esse
863 1422 896 1482 in
912 1418 1045 1502 Apuleio
1065 1408 1149 1492 ἅπαξ
1161 1409 1279 1497 λεγόμει

232 1525 401 1611 Aeqnakm
425 1527 589 1590 verborum
613 1539 644 1590 et
664 1526 911 1592 enuntiationum
933 1545 1084 1590 novarum
1109 1545 1269 1587 numerum

230 1633 367 1717 Apuleio
397 1639 588 1717 enourntm
624 1635 693 1698 licet
721 1655 784 1699 non
804 1655 899 1720 aeque
920 1634 1028 1712 foeda,
1061 1643 1153 1716 atque
1172 1635 1203 1694 in
1224 1633 1280 1695 mu}

230 1752 304 1808 runt
322 1743 527 1828 Septimianae
548 1747 635 1808 cuius
655 1744 779 1827 quidem
800 1748 843 1807 rei
864 1765 955 1808 canan
975 1765 1011 1814 er
1031 1743 1169 1826 partein
1185 1762 1220 1804 eo
1234 1764 1280 1825 qur

231 1851 326 1914 reoda
349 1861 414 1930 eet,
435 1850 519 1934 quod
538 1834 695 1935 Apuleius¹
709 1873 771 1916 non
793 1853 962 1916 ex'Graeco
978 1853 1080 1921 vertit.
1108 1849 1251 1912 Norandi
1273 1873 1280 1912 ι

231 1956 302 2039 pido
321 1961 444 2042 utrique
465 1979 563 2040 aeque
582 1963 765 2022 communie.
809 1957 929 2024 Eodem
940 1958 1073 2042 denique
1084 1957 1244 2039 utriusque
1260 1967 1280 2020 tt

231 2065 277 2129 dit
296 2067 462 2150 ingenium.
506 2065 609 2151 Atque
630 2067 750 2152 ungula
770 2067 871 2152 aliqua
895 2088 931 2130 ex
953 2070 1011 2139 iia,
1040 2085 1119 2150 quae
1139 2063 1231 2128 modo
1252 2087 1280 2128 er

230 2177 382 2250 ravimus,
404 2177 461 2236 etei
483 2174 607 2236 levioris
627 2177 771 2236 momenti
793 2194 858 2236 esee
877 2174 1006 2252 iudices,
1026 2174 1116 2257 louge
1136 2182 1239 2236 tamen
1262 2195 1280 2255 p

229 2281 562 2364 caque‘reepicientem
590 2293 682 2364 atque
710 2285 873 2360 universa,
904 2285 995 2344 etiam
1015 2281 1055 2344 de
1075 2281 1233 2364 utriunque
1252 2301 1280 2342 ac

98 2467 105 2474 ι
230 2391 326 2470 ptoria
346 2388 451 2452 indole
472 2389 598 2468 monita,
619 2388 874 2473 complectentem
897 2409 959 2453 non
981 2399 1081 2473 potent
1100 2387 1204 2472 fugere
1226 2410 1281 2474 aue]

228 2497 296 2576 cio,
318 2497 413 2562 immo
436 2498 609 2580 persuasio,
647 2497 827 2560 artissimam
848 2517 912 2562 eece
932 2499 1078 2581 Septimio
1097 2517 1168 2560 cum
1191 2495 1281 2580 Aput

229 2605 335 2668 aetatis
368 2607 628 2668 communitatem.
674 2603 767 2682 Quod
790 2623 864 2668 vero
886 2615 957 2686 port
976 2604 1145 2689 Apuleium
1170 2605 1281 2686 ecripsi

227 2713 433 2795 Septimium,
467 2723 558 2796 etque
596 2710 816 2776 iurisconsultia
844 2712 1063 2776 vemuatinem
1082 2709 1174 2774 seculi
1198 2733 1281 2776 secur

228 2822 404 2884 uirentibus
436 2822 594 2904 aequalem
614 2822 718 2901 {fuisse
740 2822 913 2894 stamnum,
945 2821 977 2880 in
1000 2841 1091 2882 cauea
1115 2832 1188 2884 sunt
1213 2823 1281 2884 unita

227 2927 373 3010 Septimio
393 2951 464 2992 cum
484 2928 706 2992 iurisconsultie
726 2927 809 2990 iliius
829 2929 975 3012 temporie
996 2928 1092 2992 haece

311 3037 379 3100 Lib.
402 3037 442 3100 u.
462 3059 512 3099 ar.
532 3034 584 3117 44.
612 3039 701 3110 facta
730 3047 888 3121 gestaqrre3
923 3036 976 3120 49.
1003 3049 1085 3118 gesto
1115 3049 1202 3122 atque
1231 3049 1281 3098 act

229 3140 278 3208 δι.
301 3155 374 3209 octa
392 3155 543 3227 gestaque.
594 3141 718 3224 Ulpiae.
741 3143 810 3224 Dig.
834 3141 859 3206 l.
885 3141 921 3204 18
952 3143 1019 3204 init.
1037 3163 1114 3227 qrrue
1137 3155 1281 3224 attagen

227 3273 283 3334 qm
300 3264 367 3316 suu
385 3273 406 3312 a
423 3261 618 3335 procreatore
645 3249 791 3315 caesam.
813 3249 906 3312 Gaius
926 3249 998 3334 Dig.
1018 3251 1088 3312 XL.
1111 3249 1145 3314 6.
1168 3251 1220 3318 58.
1242 3253 1281 3312 Li

226 3361 306 3420 inter·
322 3371 405 3438 garta
437 3371 466 3420 et
482 3358 577 3438 sacta
597 3356 722 3420 uidetur
739 3355 889 3440 precedam
909 3379 970 3420 esre
988 3358 1104 3422 subtilis
1123 3357 1281 3442 differenti

225 3478 359 3529 attamen
387 3461 644 3548 καταχρηστικῶς
673 3464 753 3528 niti!
776 3467 986 3548 uuersactuut
1009 3479 1039 3528 et
1055 3479 1170 3549 gennem
1194 3469 1281 3529 interr

227 3575 329 3636 lneaae
359 3571 482 3636 videtur
512 3570 683 3636 differentia
712 3577 745 3636 in
769 3573 940 3656 Sempronii
963 3571 1060 3636 Asett.
1081 3573 1135 3642 lib.
1157 3573 1184 3636 1.
1206 3573 1281 3636 ltere

226 3681 390 3744 Gestarum
419 3679 500 3764 apud
529 3679 608 3744 Gell.
631 3681 674 3746 V.
701 3681 750 3747 18.
773 3681 901 3744 annales
920 3679 995 3744 utre·
1018 3682 1224 3746 toruunrmndo
1243 3705 1281 3770 pu

210 3789 340 3868 santium
357 3807 473 3875 quoquc
493 3809 573 3852 oruro
592 3801 741 3872 geruum
761 3789 818 3866 rit,
844 3787 883 3852 e’d
899 3787 1149 3857 demomrmbanc
1177 3802 1209 3854 et
1231 3811 1281 3854 mo

223 3897 310 3960 notis
330 3917 392 3960 nnn
413 3895 503 3960 utodo
525 3899 598 3960 rotie
616 3917 680 3960 erre
698 3896 815 3974 omen,
835 3893 1053 3984 quodfactum
1073 3910 1165 3974 erret,
1197 3897 1235 3960 r'd
1246 3920 1281 3983 pr

225 4004 394 4083 nunciare,
414 4003 469 4068 ted
494 4005 586 4068 etnam
616 4025 676 4090 quo
702 4003 827 4068 consilto
846 4026 963 4089 quaque
984 4008 1100 4068 mtr'oue
1118 4019 1205 4088 gesta
1226 4027 1281 4068 ern

226 4111 445 4178 demomrram.
494 4111 540 4175 Sit
570 4114 661 4176 etiam
691 4110 860 4176 differentia
887 4115 919 4173 in
949 4109 1004 4175 ilio
1024 4111 1086 4176 Cic.
1111 4113 1150 4176 de
1171 4113 1261 4178 Orat.

228 4219 282 4304 59.
315 4235 347 4284 ut
373 4222 429 4300 iis,
457 4221 511 4306 qui
536 4220 665 4286 artdt'uut
677 4265 688 4302 ‚
725 4235 788 4284 tum
817 4219 883 4302 peri
910 4217 967 4284 itta
984 4219 1120 4307 fierique
1146 4221 1281 4286 uideant
