2860 4688
261 355 331 426 tit
631 373 746 420 ureris
772 371 944 423 cumensis

256 565 422 640 elamore
445 584 583 664 magno
600 561 769 663 singulos
784 587 942 640 suorum
960 563 1116 638 nomine
1129 564 1319 669 appellans,

256 679 510 756 confidentius
529 677 571 751 in
597 677 742 754 hostem
768 704 941 784 pugnare
965 677 1161 754 hortatur:
1187 705 1321 782 sepro-

260 817 404 898 gressus
429 793 531 867 inus
555 792 684 882 aciem,
709 795 866 870 Dionem
888 812 928 869 et
951 793 1195 896 Polyxenam,
1221 795 1320 886 Alios,

259 909 348 984 satis
380 905 542 1012 impigre
577 929 792 1011 pugnantes
824 909 1013 985 vulnerat.
1072 912 1123 983 At
1153 909 1220 984 uhi
1240 935 1320 988 eum

253 1025 421 1102 Achilles
453 1023 507 1100 ita
540 1023 581 1098 in
618 1023 763 1100 hostem
796 1042 1020 1129 promptum
1049 1023 1321 1112 animadvertit,

255 1139 373 1215 simul
397 1139 599 1215 subvenire
624 1139 699 1231 his,
724 1167 822 1244 quos
846 1139 1046 1216 advorsum
1070 1141 1242 1230 bellabat,
1261 1167 1323 1216 cu·

253 1255 372 1361 piens,
396 1273 435 1331 et
459 1281 605 1332 memor
630 1259 747 1361 paulo
771 1277 861 1333 ante
885 1258 1058 1360 repulsae
1074 1257 1116 1332 in
1136 1259 1325 1360 Polyxena,

254 1389 393 1446 eontra
420 1369 561 1446 tendit:
603 1397 895 1476 progressusque
919 1373 963 1446 in
993 1371 1120 1448 medio
1144 1372 1324 1474 Pylaeme-

253 1511 362 1578 nem‚
386 1485 678 1591 Paphlagonum
702 1511 845 1590 regem,
874 1485 1149 1593 impedimento
1173 1488 1243 1564 sihi
1261 1513 1325 1589 op

252 1602 420 1707 positum
446 1604 619 1680 eominus
644 1602 797 1686 fundit,
837 1631 916 1680 non
950 1605 1120 1680 alienum
1142 1603 1330 1704 sanguinis

251 1717 551 1796 Priamidarumt
587 1720 865 1824 perhibebatur
885 1721 1031 1824 quippe
1057 1719 1119 1796 hie
1148 1721 1258 1794 etiam
1282 1747 1330 1796 ex

252 1830 332 1923 his,
362 1834 433 1935 qui
466 1861 488 1909 a
519 1833 667 1910 Phineo
703 1837 885 1938 Agenoris
918 1837 1105 1937 originem
1140 1837 1330 1940 propriam

251 1951 435 2027 memoria
468 1952 710 2056 repetebantt
751 1981 773 2029 a
806 1981 884 2056 quo
909 1955 1026 2029 etiam
1052 1953 1247 2030 Olinanem
1270 1979 1332 2053 ge·

252 2066 397 2156 nitam,
422 2085 626 2172 postquam
647 2067 874 2159 adoleverit,
906 2067 1113 2144 deductam
1137 2067 1181 2142 in
1205 2069 1336 2143 matri-

254 2184 430 2260 monium
450 2183 636 2260 Dardani·
935 2189 939 2198 '

349 2303 415 2377 VI.
466 2303 645 2376 Ceterum
666 2301 812 2379 Hector
835 2311 1035 2406 postquam
1053 2298 1104 2376 ad
1125 2323 1165 2374 se
1184 2299 1340 2401 agmine

252 2415 389 2494 infesto
417 2415 523 2494 tendi
551 2416 671 2509 ridet,
709 2443 839 2494 causan
871 2418 952 2496 odii
987 2413 1222 2502 recordstm,
1254 2441 1341 2492 nnn

250 2633 499 2654 m

303 2751 398 2808 uisos
422 2766 448 2808 ss
467 2751 526 2810 eei.
552 2755 642 2826 Alios)
677 2755 718 2808 its
738 2755 838 2826 diserte
856 2757 975 2824 optimus
993 2753 1118 2808 Danielis
1134 2751 1239 2806 sodex:
1266 2751 1344 2806 sites

249 2836 276 2880 si
295 2825 380 2878 alios:
413 2827 493 2896 vulgo
514 2825 647 2900 aliosque.
685 2827 834 2894 Utrumque
851 2827 931 2878 male.
946 2825 1024 2879 Alius
1037 2843 1102 2894 pro:
1121 2821 1209 2887 Elius,
1228 2821 1343 2876 dorices

250 2903 281 2944 nt
306 2912 387 2963 saepe
413 2897 442 2945 in
466 2895 571 2965 Csptiv.
600 2895 710 2958 Plauti,
741 2896 816 2968 quod
835 2896 900 2947 item
926 2904 1007 2947 antes
1028 2901 1205 2964 corruptum,
1225 2896 1348 2944 restitu-

251 2971 365 3033 tumque
386 2980 401 3014 s
421 2965 487 3015 viris
506 2963 603 3019 doctis.
622 2965 739 3017 Meroen.
774 2965 822 3018 Ed.
836 2965 901 3016 Obr.
910 2967 997 3020 Elios.
1025 2965 1079 3016 Sed
1096 2965 1162 3016 libri
1178 2966 1234 3016 mei
1250 2963 1349 3018 Alios.

249 3033 360 3084 [liorem
379 3041 408 3084 et
427 3033 592 3102 Polyaenum
612 3049 645 3086 ex
664 3035 747 3089 Aside
765 3035 882 3099 venisse,
901 3035 997 3088 scribit
1016 3035 1128 3103 Septim.
1148 3035 1169 3086 i.
1191 3051 1230 3103 17·

316 3104 348 3155 iss
364 3103 465 3155 bostem
482 3108 537 3172 pr.)
570 3105 637 3155 Vult
653 3105 817 3172 Vinrlingius
838 3107 869 3159 iss
886 3105 953 3166 hos,
971 3105 1030 3156 scil.
1047 3107 1160 3160 Dieron
1173 3112 1203 3156 et
1221 3103 1350 3170 Polyxe-

249 3187 324 3222 ssuns.
360 3171 516 3224 Temeraria
539 3175 635 3232 tritico
653 3174 811 3246 dignissime
833 3179 972 3230 eorrectio.
996 3177 1030 3229 ei.
1048 3174 1136 3228 Gloss.
1173 3175 1250 3226 infra
1269 3191 1353 3246 qssos

248 3239 399 3296 advorsum
418 3243 442 3292 S.
466 3243 535 3295 Gsll.
554 3260 606 3296 see.
626 3242 670 3304 ix,
689 3247 758 3296 liern
785 3255 812 3296 et
831 3245 879 3297 liri.
898 3247 999 3308 Ptine..
1016 3262 1072 3298 non
1092 3245 1247 3300 adversum.

317 3329 530 3386 progressusque
548 3313 581 3365 s‘ss
597 3311 701 3378 medio)
737 3313 786 3367 Ed.
811 3315 877 3367 Obr.
903 3319 933 3369 iss
959 3313 1069 3370 medies.
1096 3319 1172 3368 onius
1200 3313 1356 3366 formulae

249 3383 374 3449 exemptis
399 3382 464 3432 dodi
490 3384 520 3434 is
544 3383 631 3437 Gloss.
657 3385 694 3436 ad
721 3387 754 3438 ll.
778 3405 818 3456 ¹9·
854 3387 929 3438 Dicit
948 3389 1030 3440 etism
1049 3386 1165 3454 Septim,
1185 3383 1224 3436 11.
1244 3385 1294 3450 48.
1317 3385 1358 3436 iss

248 3452 365 3504 meditem
383 3471 550 3520 progressus.
579 3454 611 3504 ll.
630 3455 672 3508 36.
699 3455 730 3508 ise
747 3474 868 3526 eampum
886 3457 1033 3528 progressi.
1067 3455 1146 3525 Apul.
1166 3453 1234 3506 tien
1264 3455 1304 3505 11.
1325 3471 1358 3522 p.

248 3525 308 3590 sisi).
323 3522 454 3594 pontheis
470 3525 501 3575 s'ss
519 3521 644 3576 medium.
681 3523 735 3576 Sed
752 3527 816 3579 libri
832 3528 905 3587 mei,
925 3527 973 3584 Ed.
993 3523 1065 3580 Crat
1080 3535 1106 3576 et
1129 3527 1213 3576 mere
1232 3525 1269 3576 s'es
1289 3541 1360 3580 ne·-

247 3589 305 3644 eiie.
344 3595 376 3644 Et
392 3592 445 3645 hoe
462 3611 574 3663 quoque
598 3596 729 3666 loquendi
748 3615 831 3664 genus
850 3595 965 3665 probum
985 3604 1034 3648 est
1060 3615 1084 3646 v.
1104 3595 1191 3650 Gloss.

317 3665 517 3736 Pylaemenssss)
553 3665 578 3716 S.
598 3664 668 3718 Gsll.
688 3683 750 3734 opp.
771 3667 959 3732 l‘ylaesssssses.
983 3684 1007 3718 r.
1025 3667 1062 3718 sd
1081 3667 1100 3717 1.
1123 3685 1160 3734 ¹9·
1179 3663 1232 3716 Ed.
1252 3664 1361 3716 Princ-

246 3733 436 3799 Pyloemessess.
454 3753 480 3790 e.
498 3734 533 3784 sd
551 3736 583 3785 ll.
603 3735 645 3804 48.
681 3737 755 3790 Crat.
777 3738 966 3790 Philemonem.
984 3738 1059 3804 quod
1074 3737 1266 3806 nequicquam
1284 3743 1363 3786 tue·

244 3809 292 3854 tsss
309 3801 442 3856 Bardrius.
478 3805 542 3858 Mox
561 3823 610 3876 pso
626 3825 645 3858 ι
664 3807 768 3859 Pbs'seeo
787 3809 921 3876 Agenoris
939 3807 1012 3859 Crat·
1028 3808 1128 3880 affines
1145 3805 1310 3876 Agenoris.

315 3876 389 3946 orig.
413 3877 558 3947 propriam
580 3879 712 3930 memorie
730 3894 759 3928 re
781 3885 802 3936 .)
844 3876 1000 3938 Euthiam,
1022 3879 1164 3949 propriam
1187 3876 1273 3926 usis
1306 3875 1367 3927 lsie

244 3941 387 4030 irrepsisse
405 3951 559 4014 putantem,
578 3945 680 3999 refellit
695 3947 749 4000 Vin
769 3946 858 4016 ingius
875 3946 911 4000 sd
928 3945 979 3999 lib.
997 3949 1019 4001 1.
1030 3950 1056 4002 ⁵.
1091 3947 1170 3998 Libri
1185 3945 1248 3998 mei
1274 3963 1361 4016 pro·

243 4029 473 4143 mavulfmddhdi
487 4015 704 4156 dmidinhmes)
741 4084 816 4136 Libri
833 4086 887 4138 mei
905 4085 991 4140 uadi.
1013 4099 1041 4140 st
1060 4101 1165 4140 causes.
1203 4083 1293 4138 insrs
1318 4085 1367 4136 ii-

243 4155 286 4206 bri
312 4157 365 4207 mrl
387 4157 453 4210 iisne
474 4171 509 4207 ue
530 4155 650 4208 Aelsiites
671 4185 704 4198 -
730 4156 888 4228 interficis,
913 4171 969 4210 noa
998 4173 1112 4228 eumque
1130 4183 1163 4198 ι·-
1181 4156 1368 4230 interficis.

244 4225 316 4281 aar·
331 4227 413 4280 istite
430 4241 461 4279 sn
483 4226 653 4296 intelligitur.
