2860 4688
258 333 329 404 170
643 351 760 404 ntcrre
784 347 959 400 nummus

255 537 447 648 prodendi
474 539 662 620 exercitur
687 539 800 616 iniere
825 566 916 618 cum
948 537 1138 618 hostibus:
1172 554 1343 616 ceterum

255 657 456 734 interiecto
481 683 526 734 eo
550 681 741 734 summam
765 656 927 733 militiae
952 657 1127 734 orbatam
1152 671 1191 731 et
1216 655 1343 733 adem.

256 790 342 849 tum
376 771 687 878 cumplurimum
723 770 788 849 cui
811 773 895 849 viro
924 771 1075 874 egregio
1094 769 1264 847 bellandi
1293 799 1345 848 ne

253 888 452 988 honestam
491 888 651 992 quidem
687 907 869 981 mortem,
903 907 973 966 aut
1006 888 1120 964 aliter
1154 913 1273 990 quam
1297 888 1345 964 in

252 1005 413 1084 obscuro
447 1025 628 1110 oppetere
662 1005 825 1082 licuerit.
877 1005 1000 1108 Igitur
1016 1026 1180 1108 propere
1203 1025 1251 1078 ex
1273 1001 1342 1079 tta

251 1137 453 1226 apportata
478 1120 575 1223 ligni
600 1120 656 1198 vis
681 1122 825 1207 multa,
861 1139 978 1224 utque
1012 1116 1214 1198 incudem
1239 1119 1341 1210 loco,

251 1262 332 1339 quo
356 1254 469 1312 antea
493 1237 680 1326 Patroclo,
706 1236 864 1316 bustum
885 1253 1099 1314 exstruunt.
1149 1235 1251 1310 Dein
1271 1237 1342 1310 im-

250 1350 374 1458 posito
398 1349 579 1428 cadavere
595 1353 843 1456 eubiectoque
868 1353 960 1455 igni,
978 1353 1078 1428 iuste
1102 1349 1232 1426 funeri
1257 1377 1342 1456 per-

251 1486 392 1572 agunt,
430 1469 545 1546 Aia'ce
581 1471 788 1574 praecipue
821 1469 1038 1558 insistente,
1079 1466 1149 1572 qui
1176 1492 1247 1572 per
1272 1468 1342 1544 tri-

248 1583 374 1662 duum
414 1584 651 1665 continuatis
693 1585 832 1689 vigiliis
878 1585 1012 1662 labore
1052 1611 1132 1661 non
1173 1583 1336 1672 destitit,

247 1727 368 1805 quem
400 1701 588 1804 reliquiae
625 1699 947 1778 coadunarentur.
1022 1702 1130 1776 Solus
1172 1727 1341 1802 namque

247 1816 427 1894 omnium
468 1841 590 1921 paene
628 1817 733 1928 ultra
779 1815 931 1894 virilem
974 1815 1133 1892 modum
1176 1817 1340 1892 interitu

247 1931 408 2012 Achillis
433 1950 699 2009 consternatus
723 1950 794 2023 est,
822 1958 948 2035 quem,
975 1931 1160 2008 dilectum
1186 1951 1340 2037 praeter

249 2067 392 2126 ceteros
417 2049 557 2138 animo,
576 2048 735 2126 summis
753 2049 885 2125 officiis
910 2050 1168 2154 percoluerat:
1190 2048 1341 2154 quippe

248 2189 339 2240 cum
353 2164 622 2240 amicissimum
639 2181 678 2241 et
689 2164 874 2267 sanguine
884 2164 1140 2242 coniunctum
1151 2163 1235 2254 sibi,
1253 2181 1341 2240 tum

246 2281 455 2389 praecipue
477 2279 695 2387 plurimum
712 2281 854 2358 virtute
877 2299 1019 2358 ceteros
1036 2279 1338 2360 antecedentem.

245 2466 498 2481 ψ

249 2575 345 2632 animo
364 2575 533 2636 inhaeserat.
570 2575 597 2632 S.
617 2575 687 2628 Gatt.
706 2591 791 2646 opp,
809 2575 888 2628 Bern.
907 2581 936 2626 et
954 2573 1001 2628 tt.
1015 2573 1097 2629 Mcrc.
1109 2577 1210 2650 quippe
1222 2575 1256 2628 r'n
1275 2577 1341 2628 ani·

248 2667 294 2705 ere
312 2646 450 2720 hartrat.
488 2649 557 2703 eut
584 2655 633 2724 pret
651 2664 685 2720 pe
710 2647 774 2721 quie
800 2647 832 2699 ite
860 2645 958 2700 mimo
984 2646 1121 2704 terserat
1157 2647 1245 2716 Supra
1272 2662 1294 2696 e.
1321 2647 1342 2698 i.

249 2720 350 2795 quippe
369 2721 434 2791 quit
450 2719 544 2772 enimc
563 2721 605 2774 ita
644 2730 760 2773 reserat.
794 2715 893 2770 Veretn
915 2715 981 2770 hinc
998 2717 1103 2771 iudicer
1129 2716 1178 2772 En
1202 2715 1270 2770 Obr.
1295 2717 1344 2770 ie-

251 2789 492 2874 cticnem,quatn
511 2799 621 2843 eeeutnt
640 2805 709 2842 eunt.
1271 2857 1277 2870 .
1332 2859 1340 2872 .

251 2861 613 2986 mngptnfflvmwpm
625 2861 689 2983 trenta)
700 2857 921 2998 inEtgiiigffkPiir
931 2857 1089 3000 {2251an
1099 2855 1343 3001 EiioPriiffltffi:

250 3001 323 3070 μίαν.
359 2998 431 3051 cnr.
452 3002 512 3071 spei
529 3002 685 3074 quamplur.
703 3017 728 3052 v.
746 2999 835 3052 Gloee.
870 2999 936 3052 Mox
952 3000 1019 3053 iibri
1037 3000 1092 3051 mei
1110 3007 1138 3052 et
1154 2999 1251 3062 Mete,
1274 2999 1347 3050 Vin·

252 3068 362 3137 dingiut
379 3077 409 3124 et
431 3085 465 3122 ex
483 3069 534 3128 tt.
552 3072 644 3122 Decer-
668 3068 853 3140 Wopkeneiue
871 3087 897 3140 p.
916 3089 959 3140 77.
977 3081 1004 3122 et
1020 3073 1086 3126 viro
1105 3087 1161 3142 egr.
1180 3067 1346 3125 tenendi-

250 3140 372 3194 licuerit.
409 3139 496 3192 Wm.
517 3139 551 3192 nd
570 3141 635 3194 Seli.
654 3142 712 3210 lug.
735 3157 775 3210 ¹7·
813 3141 879 3194 Viro
899 3142 1011 3211 egregio
1037 3141 1160 3196 bellante
1175 3169 1199 3181 -
1215 3141 1346 3198 licuerit.

250 3209 368 3263 Decerie
386 3217 415 3266 et
431 3209 596 3279 vindingiue
614 3210 754 3279 corrigunt
767 3223 795 3264 et
815 3213 912 3264 viro-
923 3211 1045 3266 licuisse·
1082 3211 1131 3266 td.
1150 3209 1216 3266 Obr.
1236 3217 1265 3264 et
1290 3211 1343 3260 Pe·

251 3279 336 3338 riacn.
354 3283 428 3334 Diet-
447 3279 467 3350 §.
489 3280 544 3333 xt..
566 3279 616 3337 teti
634 3297 691 3348 erp.
709 3281 745 3352 8.)
771 3299 831 3336 cum
854 3283 1085 3336 viro-licuerit.
1123 3281 1195 3334 Crnt.
1220 3279 1270 3333 Ed.
1289 3279 1343 3334 etti

251 3350 489 3408 viro-licuerit.
526 3352 616 3412 Recte,
634 3355 698 3404 tucn
717 3351 830 3421 quidem
852 3351 964 3404 iudicio.
1002 3353 1056 3407 Cui
1075 3355 1093 3404 i.
1112 3369 1135 3406 e.
1153 3351 1278 3418 cumei3
1305 3367 1345 3402 ex

215 3473 217 3478 ,
252 3435 307 3490 qua
326 3421 554 3490 interpretatione
572 3419 682 3474 fluxisse
700 3421 811 3476 videtur
829 3437 903 3482 cum.
921 3423 997 3492 quod
1015 3432 1058 3476 eet
1074 3425 1104 3476 in
1124 3421 1165 3474 Ed
1185 3423 1252 3477 Obr.
1277 3419 1347 3474 Non

251 3487 374 3546 ebetmttt
398 3494 459 3546 loeo
487 3491 563 3552 Sept.
585 3492 632 3546 111.
662 3495 700 3548 re.
720 3493 858 3565 ettifieme
884 3493 1010 3546 bellandi
1029 3497 1134 3561 inclyto
1159 3511 1212 3564 per
1234 3503 1347 3564 gentes.

252 3559 308 3622 Sed
326 3562 360 3614 ef.
381 3564 471 3618 Gloee.
504 3563 605 3616 Misere
624 3571 712 3616 totum
735 3564 826 3615 iocum
845 3565 996 3630 corrumpit
1013 3563 1207 3636 Wopkeneiut.

321 3633 369 3688 vit
388 3634 489 3702 multa)
522 3636 600 3688 Bern.
619 3651 730 3704 magna.
768 3633 840 3686 Infra
864 3635 891 3688 S.
911 3634 983 3688 Gatt
1001 3651 1054 3688 ece
1083 3637 1118 3690 tx
1142 3651 1159 3688 a
1184 3649 1220 3686 m.
1246 3647 1288 3700 pr.
1318 3635 1351 3682 ct

251 3698 331 3756 rtem.
352 3707 427 3758 t'mttt
441 3703 559 3776 funera.
578 3701 613 3756 ci.
636 3705 726 3761 Gicee.
744 3703 778 3757 ed
796 3720 818 3755 c.
841 3723 861 3759 t·

322 3773 419 3831 labore
438 3795 497 3830 nen
513 3773 595 3844 dest.)
630 3775 710 3828 Bern.
731 3783 760 3830 et
777 3775 825 3830 tt
844 3773 1083 3831 arietatorum.
1118 3769 1287 3828 Beuucret.
1297 3767 1351 3820 Ed.

261 3841 341 3900 trud
352 3846 432 3917 priua
449 3846 528 3904 obire
546 3845 612 3900 dett.
636 3853 665 3899 et
682 3861 823 3914 exprereec
843 3861 877 3898 ex
895 3862 927 3898 ea
945 3843 1012 3900 Edd.
1033 3845 1113 3898 Beril.
1133 3845 1219 3898 abire.

331 3917 425 3970 animo
442 3919 555 3970 summit
570 3913 628 3986 effi)
663 3915 712 3970 Ed.
732 3915 816 3969 Ptine
834 3934 848 3971 e
866 3919 984 3970 cummis.
1019 3915 1085 3968 Obr.
1104 3913 1258 3969 eteummie.
1283 3909 1353 3964 Nou

258 4001 328 4056 npue
343 3995 387 4040 eet
403 3989 554 4056 particuitt;
573 3989 673 4040 referat
692 3985 773 4040 modo
793 3989 888 4044 enim
905 3987 940 4042 td
956 3985 1093 4044 deleamu-
1128 3983 1195 4038 Mox
1213 3999 1265 4054 pro
1281 3999 1355 4053 pet·-

255 4059 385 4113 rcltterat
403 4057 468 4110 iibri
487 4058 542 4110 mei
558 4059 798 4130 perrceuttluerct.

322 4127 543 4198 antecedentem)
579 4129 649 4182 Cret.
669 4127 749 4181 addit
764 4129 858 4184 sciret.
894 4128 970 4182 Scire
987 4127 1123 4199 pluuntur
1147 4123 1268 4190 debuit,
1295 4123 1353 4178 Ac·

252 4198 389 4254 etttttivne
406 4201 530 4270 pendete
548 4215 564 4250 e
583 4199 766 4270 pretendente
784 4217 858 4273 quae
873 4199 978 4270 perrel.
