2726 4686
209 357 259 434 84
592 375 716 426 urcrrs
739 371 922 426 camerate

208 570 331 668 cubae
355 567 481 644 relert.
532 565 699 642 Interim
723 563 820 642 Aiax
846 565 1110 655 Telamonius,
1135 563 1300 668 nequid

208 688 390 785 quietum
423 681 599 756 finitimis
628 680 767 756 Troiae
792 679 1013 782 regionibus
1036 699 1154 781 utque
1177 680 1304 758 amieis

211 802 512 904 relinquemur,
538 795 731 872 hostiliter
752 821 813 870 eas
838 795 1035 896 ingressus,
1061 798 1216 898 Petyam
1237 797 1305 870 Ze-

209 923 407 1022 leamque,
445 915 614 990 civitates
650 913 796 990 divitiis
834 915 1002 998 nobiles,
1029 914 1155 1018 capit:
1182 938 1305 1016 neque

210 1057 415 1138 contentus
447 1034 525 1123 his,
561 1035 798 1136 Gargarum,
833 1033 1027 1122 Arisbam,
1064 1029 1304 1134 Gergithum,

211 1154 395 1260 Scepsim.
430 1149 614 1225 Larissam
647 1146 876 1222 admiranda
913 1147 1110 1222 eeleritate
1139 1145 1307 1251 depopu-

99 1285 102 1296 '
210 1273 327 1348 latur.
375 1265 479 1342 Dein
494 1264 695 1342 doctusab
718 1263 863 1352 incolis,
893 1263 1020 1338 multa
1047 1261 1305 1338 cuiuscemodi

211 1411 349 1492 pecore
383 1383 426 1458 in
462 1379 576 1458 Idaeo
608 1397 740 1458 monte
770 1378 982 1472 stabulari,
1017 1378 1304 1484 exposcentibus

742 1569 749 1639 l

284 1651 396 1718 Petyera
415 1649 593 1734 auumque)
626 1649 710 1702 uem.
739 1655 769 1702 et
793 1647 902 1702 Daniel.
927 1647 1044 1703 blereeri
1069 1649 1200 1706 Betiraea.
1235 1649 1307 1709 Cett.

214 1721 291 1775 MSS.
310 1729 340 1772 et
359 1739 427 1792 quaa
436 1722 500 1806 'ridi
519 1721 586 1774 bdd.
604 1721 747 1788 Botyraea.
783 1719 839 1773 Sed
867 1717 962 1804 urbem
980 1721 1211 1806 ‘iatiuamoruiuis
1231 1723 1309 1790 igno-

215 1789 1139 1936 ttttt‘ttttlfuittl'htttttt’ttt·,tt‘tti'litt‘tf
1147 1793 1312 1932 ’,il'tttt

217 1933 332 1985 iunctim
350 1932 509 1986 nominatur
533 1948 594 1984 euna
612 1930 730 1996 Theba,
756 1929 907 2002 Gergitha,
932 1933 1046 2001 Scapti,
1074 1931 1211 2002 Gargano,
1236 1931 1310 2002 apud

217 2005 287 2060 l’llu.
304 2005 338 2061 V.
356 2005 401 2068 3⁰,
420 2003 510 2056 strab.
528 2003 601 2054 lllll.
619 2017 646 2070 p.
665 2009 716 2071 lna
734 2009 764 2054 et
781 2004 842 2072 417.
861 2001 925 2053 atet
943 2005 963 2054 1.
989 2021 1028 2074 t7.
1063 2003 1227 2057 lamautear
1244 2003 1312 2054 aeri·

218 2073 342 2128 bendum
360 2083 435 2127 ratur
456 2090 516 2125 auru
538 2073 669 2140 Petram,-
696 2084 778 2142 quarn
804 2071 900 2124 urbem
924 2080 1030 2142 captam
1053 2091 1069 2126 a
1092 2073 1203 2128 Graecia
1228 2074 1314 2126 reirrt

216 2145 378 2202 Euanthius
397 2143 433 2196 ad
453 2139 530 2198 Homl
552 2143 583 2195 ll.
601 2143 635 2193 ll.
654 2144 715 2212 691.
752 2143 839 2195 Etiam
860 2143 1026 2218 Zeleamque
1050 2143 1145 2214 aeripai
1165 2161 1199 2196 ea
1217 2159 1314 2198 ernen-

220 2217 344 2274 datiotae.
380 2213 449 2265 Nam
475 2213 551 2268 MSS.
581 2221 611 2265 et
640 2209 705 2264 Edd.
729 2214 851 2281 potiores
879 2215 1051 2289 Cillamque,
1080 2216 1116 2269 ai.
1143 2215 1313 2284 Cyllaaaqua.

22 2259 36 2336 .“Ι
87 2317 103 2328 .,
222 2288 324 2344 Cillaaa
341 2294 434 2337 autem
453 2289 632 2354 expugnatam
652 2283 806 2336 audirimus
834 2300 892 2354 cap.
921 2287 960 2338 ιλ.
997 2285 1029 2338 la
1055 2293 1175 2339 mentem
1198 2291 1316 2338 venerat

223 2361 399 2430 Cycnumque,
416 2371 497 2428 quarn
516 2355 552 2406 ab
570 2353 678 2406 Achille
694 2361 800 2423 captata
819 2354 906 2408 tradit
922 2359 1023 2408 Auctor
1040 2361 1098 2411 antu
1121 2359 1256 2424 Troiade
1284 2359 1316 2408 in

223 2429 295 2484 atbt.
331 2425 436 2484 uffenb.
461 2425 564 2480 XXXV.
590 2441 616 2493 p·
636 2425 708 2494 679:
739 2427 823 2478 etiarn
851 2423 1057 2498 Chrysamque,
1082 2429 1238 2498 contiguam
1267 2427 1316 2488 iis,

221 2517 290 2574 quas
310 2497 391 2550 modo
410 2496 631 2558 memoravimaa,
649 2494 776 2558 urbibus,
796 2512 878 2566 quana
897 2495 976 2564 (licet
991 2497 1041 2549 alil
1060 2506 1242 2567 expugnatam
1260 2513 1316 2548 ne-

221 2579 295 2640 gent.
314 2569 349 2626 al.
368 2567 464 2620 Fucha.
487 2565 599 2636 Quaeri.
620 2582 649 2634 p.
672 2568 718 2621 rod
737 2573 766 2618 et
798 2565 857 2636 roo)
883 2575 1064 2636 expugnatam
1092 2567 1207 2622 tradunt
1234 2567 1316 2620 Orid.

222 2641 289 2692 tter.
308 2639 378 2692 lllll.
404 2641 466 2708 17⁵,
486 2637 581 2690 Seuer.
602 2637 667 2691 Tro.
689 2653 751 2697 aaa,
770 2635 870 2690 ductor
890 2641 947 2690 retr
967 2639 1017 2706 Τρ.
1034 2638 1053 2690 l.
1070 2637 1089 2690 l.
1124 2638 1320 2709 Magiatarneaa

222 2713 331 2783 placuit
349 2707 526 2782 Zeleamque,
545 2723 628 2778 quam
645 2705 680 2758 ab
699 2705 806 2760 Achille
824 2711 931 2776 captam
953 2709 1039 2761 refert
1056 2708 1179 2766 Euatatb.
1196 2707 1215 2759 l.
1235 2709 1254 2759 l.

296 2780 468 2852 Gargarum)
499 2779 566 2830 Vult
583 2777 749 2847 Vindlugiua
769 2779 922 2848 Gargarius.
957 2779 994 2830 At
1012 2777 1127 2848 Heayeh.
1148 2779 1322 2866 supprior,

224 2849 401 2920 daocarioior
426 2851 511 2920 ὄρους
533 2848 621 2914 Ἴδης,
649 2851 697 2900 καλ
721 2847 806 2904 πόλις
835 2847 957 2914 Τροίας,
986 2849 1111 2914 aleator
1133 2847 1321 2918 Ἀνταγόρου.

225 2921 323 2991 Stepb.
340 2924 401 2990 llye.
420 2921 568 2992 liioyaoa,
596 2916 683 2976 πόλις
700 2921 750 2982 τῆς
765 2915 919 2988 Τρωάδος,
948 2919 997 2971 inl
1015 2923 1048 2988 τῇ
1064 2919 1138 2993 ἄκρῃ
1165 2923 1213 2985 arie
1233 2918 1323 2985 Ἴδης,

225 2993 319 3046 radias
338 2990 485 3058 Frinyaooe
503 2991 672 3059 καλουμένη.
692 2989 734 3045 Cf.
755 2989 874 3058 Lenaeo.
892 2986 928 3041 ad
943 2989 1052 3043 Coluth.
1074 2993 1114 3060 al.
1133 2989 1280 3044 Animadr.
1296 3007 1327 3060 p.

227 3079 262 3134 ²7
281 3079 321 3132 aq.
359 3066 515 3131 Gargarum
534 3061 569 3111 ab
590 3059 695 3112 Achille
713 3075 835 3114 ereraurn
855 3059 897 3112 ait
914 3059 989 3114 serv.
1007 3060 1044 3113 ad
1063 3064 1129 3114 Aea.
1150 3063 1196 3114 tx.
1222 3063 1289 3115 265.

299 3131 439 3201 Arisbam)
475 3133 503 3186 S.
523 3131 594 3184 Gall.
613 3145 676 3198 opp.
696 3137 725 3179 ct
744 3119 794 3182 Ed.
814 3130 1046 3184 ermemirum.
1066 3133 1139 3190 Crat.
1159 3133 1329 3186 Mariabam.

228 3201 319 3255 Fuelre
342 3201 454 3272 Quaoat.
483 3219 508 3268 p.
533 3219 589 3254 ιιι.
606 3198 864 3253 exhibetAr-a'aben.
902 3199 1002 3253 Urbem
1020 3203 1145 3256 Arisbam
1162 3203 1331 3256 voeatVir-

228 3273 275 3343 gil.
294 3273 361 3326 ten.
381 3273 422 3323 tx.
444 3273 503 3340 atil.
521 3285 637 3344 eamque
657 3285 671 3320 a
690 3267 801 3323 Graecia
819 3277 926 3338 raptam
951 3271 1036 3325 tradit
1048 3271 1175 3332 Euatatlr.
1195 3275 1212 3326 l.
1234 3275 1253 3325 l.

302 3341 474 3412 Gergithum)
509 3339 584 3392 MSS.
603 3339 727 3402 Mertai,
744 3337 801 3391 tas,
821 3339 971 3404 Obreobti,
999 3351 1028 3395 et
1054 3361 1087 3400 oa
1111 3345 1180 3401 meis
1200 3343 1229 3394 S.
1250 3343 1334 3401 Gall.

230 3431 312 3485 0pp.‚
338 3413 416 3464 bern.
440 3420 469 3463 et
493 3409 540 3464 Ed.
560 3411 646 3464 Ptine.
667 3411 790 3464 cenum.
835 3412 907 3465 Crat.
928 3413 1054 3467 Genitea.
1088 3413 1247 3467 Obreebtus
1268 3431 1334 3468 uon

233 3483 340 3554 apernit
369 3483 470 3536 Ortelii
500 3483 684 3535 coniecturam
714 3482 874 3548 Gratiarum
904 3481 994 3536 edidit
1010 3491 1100 3538 tamen
1118 3501 1179 3537 cum
1198 3485 1335 3536 Merca-ro

233 3553 403 3624 Gergithum.
439 3555 536 3605 Recte:
555 3553 593 3606 ita
612 3553 685 3605 enirn
705 3549 823 3605 babetur
840 3553 869 3603 in
896 3552 1003 3624 optimo
1027 3569 1089 3607 meo
1112 3557 1138 3608 S.
1168 3555 1243 3608 Gall.
1275 3571 1336 3606 aee.

231 3625 279 3678 tx.
317 3623 481 3692 Vinrlingiua
500 3624 560 3674 rult
578 3621 752 3694 Gergatham.
789 3623 879 3676 Vocat
906 3639 970 3675 eane
1000 3624 1103 3677 iucolaa
1122 3625 1274 3696 arr-girans
1307 3635 1338 3678 rt

235 3693 382 3766 Gargetlrea
401 3695 499 3746 Strabo
519 3693 587 3746 lllll.
606 3711 631 3762 p.
651 3693 703 3758 lob
723 3699 751 3744 et
769 3692 829 3760 dal.
848 3692 901 3745 Sed
921 3693 986 3746 urba
1004 3697 1106 3750 dicitur
1118 3697 1268 3769 Gergitha,
1286 3715 1338 3758 ue,

234 3774 267 3818 ut
284 3774 312 3817 et
333 3765 500 3836 Gergithum.
518 3765 539 3826 i,
560 3773 588 3818 et
609 3761 754 3832 Gergitha,
773 3781 862 3817 orum.
881 3763 924 3818 Ci.
944 3765 1070 3835 Xenopb.
1088 3767 1161 3822 rtett.
1182 3767 1231 3818 lli.
1253 3784 1276 3818 r.
1295 3785 1338 3820 aa,

237 3837 277 3892 16.
300 3838 338 3888 ιδ.
377 3837 435 3887 Sita
455 3837 519 3888 urba
530 3844 573 3889 eat
587 3851 672 3904 prope
682 3831 812 3900 Chrysam
831 3842 860 3886 et
875 3833 1032 3896 Neandron,
1051 3846 1121 3890 teate
1141 3839 1210 3891 Plio.
1230 3835 1267 3889 V.
1291 3839 1338 3888 30,

303 3905 499 3978 depopulatur)
536 3907 562 3957 S.
582 3905 653 3958 Gall.
672 3920 735 3974 opp·
753 3911 782 3956 et
799 3905 846 3956 Ed.
865 3905 951 3958 Prior.
967 3903 1155 3980 depopulatus·
1193 3909 1229 3962 lta
1248 3923 1338 3978 prae·

233 3974 396 4030 cedentibus
414 3977 488 4030 Crat.
506 3974 644 4030 miranda.
757 4032 759 4040 Α

305 4045 490 4101 cuiuscemodi
510 4049 624 4119 perora)
657 4044 726 4098 Cura
752 4042 875 4098 nondum
896 4044 973 4099 MSS·
993 4047 1072 4116 eopia
1090 4047 1263 4116 gauderem,
1302 4051 1338 4102 its

234 4115 356 4170 seribere
374 4119 480 4169 animus
500 4115 607 4168 terebat
628 4130 662 4167 ea
681 4114 730 4170 Ed.
758 4115 851 4168 Docet.
878 4113 933 4168 lam
964 4119 1103 4186 aullragarl
1130 4127 1294 4188 utrumque
1318 4123 1338 4172 S

235 4185 398 4240 GalletEd.
410 4187 492 4240 Mero
502 4187 597 4240 laetor.
614 4185 693 4238 beru,
706 4193 736 4239 et
752 4185 800 4238 Ed.
816 4188 891 4241 Crat
914 4187 1109 4240 huiuscemodi.
1125 4188 1173 4240 Ed.
1194 4189 1294 4241 Prine.
1318 4209 1336 4242 a·

235 4255 302 4309 our.
319 4257 507 4330 cuiuscunque
515 4255 597 4314 arodi.
605 4272 639 4311 ea
647 4256 884 4328 interpretatione.
902 4257 1338 4316 Formaeur‘ueeaaaoda'darnnatr
