2860 4688
470 367 566 419 sauss
590 365 735 418 raorrrn
760 365 824 416 us.
850 369 898 418 rr.
1152 349 1227 422 -175

127 577 286 660 pavere3
321 557 488 634 maxime
523 557 649 664 quod,
684 558 763 636 suis
786 557 829 634 in
855 555 935 634 dies
959 553 1227 646 deficientibus

124 671 301 765 auxiliis,
333 701 457 752 novus
479 672 680 752 adversum
703 699 744 752 se
768 675 878 752 miles
904 696 1109 780 pararetur
1133 705 1225 759 cum

125 787 380 868 memorando
404 789 522 868 ducet
557 810 687 868 tamen
712 789 903 896 Eurypyli
929 789 1087 868 hortatu
1106 819 1221 874 arma

125 905 307 1010 capiunt:
334 907 366 984 is
391 933 574 1010 namque,
601 906 794 984 adiunctis
816 933 946 984 secum
968 908 1125 1012 regulis,
1161 937 1222 986 co-

125 1023 212 1126 pias
231 1047 317 1098 suas
338 1021 516 1101 Troianis
541 1022 677 1098 mixtas
704 1039 815 1126 porta
839 1021 991 1100 educit:
1024 1044 1142 1128 atque
1166 1025 1221 1104 iu

125 1136 308 1214 ordinata
342 1140 424 1216 acie
459 1138 633 1216 medium
656 1163 732 1214 sess
756 1139 866 1216 locat
917 1143 1019 1216 Tum
1043 1141 1219 1247 primum

121 1258 271 1330 Aeneas
301 1272 503 1362 aspernato
540 1253 752 1330 certamine
776 1253 881 1330 intra
906 1281 1036 1332 muros
1068 1277 1216 1335 manet:

121 1387 336 1448 eneeratus
366 1371 516 1478 quippe
547 1368 755 1448 Alexandri
786 1369 936 1448 facinus
975 1373 1219 1454 commissum

122 1487 169 1564 in
192 1487 432 1594 Apollinem,
455 1487 567 1566 ouius
589 1511 693 1565 sacra
724 1486 756 1562 is
785 1487 992 1594 praecipue
1025 1489 1219 1570 tuebatur.

119 1600 196 1682 Sed
214 1605 284 1682 ubi
304 1603 458 1710 signum
476 1602 649 1682 bellandi
674 1601 812 1679 datum
836 1621 908 1688 est,
932 1631 1071 1680 manus
1091 1631 1218 1684 oonse·

120 1740 239 1811 runt,
265 1748 404 1826 magna
427 1723 466 1798 ri
490 1721 681 1825 utrinque
705 1718 958 1810 decertantes,
994 1720 1218 1828 caduntque

119 1837 296 1944 plurimi.
329 1839 492 1918 Interim
516 1836 754 1942 Eurypylus,
776 1835 935 1912 obvium
954 1836 1053 1914 forte
1078 1859 1216 1920 nactus

118 1955 340 2048 Peneleum,
363 1953 571 2062 proturbat
593 1953 701 2032 basta
726 1969 844 2057 atque
872 1951 1068 2032 interficit
1116 1955 1215 2034 Inde

119 2073 248 2150 multo
281 2069 430 2152 saevior
459 2069 574 2148 Nirea
621 2095 827 2172 aggressus,
869 2097 959 2146 mox
993 2071 1212 2150 obtruncat

119 2191 282 2292 lamque
305 2186 534 2277 deturbatis,
562 2183 632 2291 qui
662 2186 706 2262 in
730 2187 812 2262 acie
836 2203 1040 2278 steterant,
1066 2187 1211 2268 medios

119 2304 435 2408 aggrediebatur:
457 2331 583 2408 quum
607 2303 878 2408 Neoptolemus
902 2327 945 2378 re
970 2305 1122 2407 cognita
1146 2332 1210 2382 co·

117 2421 251 2498 minus
268 2419 431 2512 advolat,
457 2420 728 2522 deiectumque
746 2444 867 2495 curru
887 2417 1045 2508 bostem,
1070 2439 1109 2496 et
1130 2419 1211 2526 ipsa

116 2531 306 2622 desiliens,
332 2536 460 2642 gladio
486 2536 649 2642 impigre
671 2533 867 2612 interficit.
916 2537 1018 2610 Tum
1035 2533 1210 2614 ablatum

117 2675 285 2756 propere
298 2651 466 2746 cadaver,
492 2671 610 2756 atque
633 2648 684 2728 ad
710 2673 825 2730 nares
851 2649 956 2726 iussu
979 2649 1061 2726 eius
1085 2653 1211 2758 perla-

185 2900 305 2956 Μαίη
317 2897 400 3022 prod
417 2921 448 2940 -
473 2897 640 2968 purus-etur)
676 2891 785 2944 Abeunt
812 2889 884 2956 baec
909 2887 992 2942 rerba
1014 2905 1030 2942 s
1055 2891 1149 2956 bern,
1180 2893 1208 2950 S.

113 2967 188 3027 Gall.
208 2987 291 3040 opp,

114 3041 174 3096 aas
192 3043 224 3094 iss
238 3039 320 3108 δίης
336 3033 413 3112 quod
432 3037 482 3090 ubi
500 3039 585 3090 etism
602 3031 729 3088 llsrtbius
747 3033 879 3096 invenit,

113 3112 151 3164 rit
168 3121 345 3184 argumenta,
377 3111 444 3164 licet
468 3112 544 3178 prius
561 3111 593 3162 r'n
614 3119 648 3156 ex
667 3119 724 3174 seq.
743 3104 774 3158 irs
792 3103 852 3188 diss
869 3104 1010 3174 irrepsisse
1031 3107 1210 3162 manifestum

112 3182 157 3234 slt.
176 3213 213 3228 -
242 3182 292 3240 Ed
310 3183 398 3236 Prius.
416 3173 652 3236 commemorando
670 3171 759 3238 dues,
795 3189 815 3234 r.
834 3191 934 3230 acum
953 3175 1148 3242 memorando,
1176 3185 1208 3232 ut

112 3253 411 3308 armamitres
434 3249 489 3313 tx,
516 3249 566 3302 Ed
585 3250 660 3302 Crat.
677 3252 707 3298 et
724 3243 791 3297 Obr.
826 3245 867 3298 Ex
885 3245 933 3299 Ed.
958 3243 1044 3298 Prius.
1073 3250 1207 3318 scriptura

112 3321 204 3393 liquet
224 3329 302 3396 origo
324 3321 453 3380 lectionis
472 3323 569 3385 uera,
594 3319 613 3376 8
644 3315 717 3372 Gall.
736 3331 799 3390 opp.
823 3323 853 3370 et
871 3315 922 3370 tte.
942 3315 1028 3375 llere.
1048 3333 1208 3376 commemo·

110 3395 359 3540 mifucndisque)
394 3462 516 3518 Alibris
535 3460 603 3514 meis
621 3463 650 3513 et
667 3455 750 3510 Mero.
769 3457 849 3510 abest
873 3459 907 3513 is.
1051 3425 1054 3430 ·

182 3552 334 3609 aspernato
352 3539 433 3602 cers.)
468 3533 546 3586 btbrt
565 3531 621 3584 rost
640 3535 669 3579 et
688 3529 772 3587 llere.
792 3541 897 3601 prs-rso
923 3541 991 3588 cers.
1016 3528 1092 3602 quod
1115 3545 1208 3585 eorru-

107 3614 190 3676 ptum
209 3627 243 3662 er
260 3607 434 3680 negligenter
455 3609 596 3658 contracta
615 3601 747 3686 scriptura
764 3600 910 3655 verbosum
922 3603 1031 3674 Aeaeus
1048 3615 1207 3672 aspernato,

104 3675 569 3804 apptsgterunqplsngrrtlpmpotult
584 3669 720 3726 exardere.
756 3669 789 3724 ln
806 3671 990 3743 praecedente
1019 3671 1100 3731 Rern,
1128 3679 1157 3724 et
1178 3671 1206 3724 S.

181 3767 350 3908 eoeiris'issusrs
367 3767 583 3892 inplpotstnrm)
617 3812 695 3898 bibe?
714 3812 747 3865 ¹⁸¹⁸
767 3813 905 3897 Apolline·
940 3807 1078 3934 liminium
1104 3809 1205 3932 {ntulit

101 3889 305 4016 :tttttt'
320 3887 759 4036 ttulttttt'ttttt·
778 3885 870 3938 '⁰⁶¹⁸‘
888 3899 921 3937 ”¹
937 3885 978 4036 ‘f
980 3899 996 3936 ⁰
1032 3898 1102 3940 ”⁸⁸
1143 3899 1204 3940 '²⁰‘

298 4035 327 4088 ⁹⁸·
344 4027 569 4120 aanor
606 4027 654 4080 ³⁶·
674 4019 1202 4161 ⁰¹³¹·ruturtzrtu,

98 4169 127 4222 8.
140 4101 294 4226 Geillniile
308 4101 635 4248 gliriliiiqiisbllsllidlii
652 4105 903 4239 izzrddiebautur.
938 4161 986 4216 Ed.
1006 4161 1078 4215 Crat
1105 4161 1201 4214 obtur-

96 4245 192 4302 lsss's.
235 4245 285 4300 Ed.
304 4245 371 4300 Obr.
395 4245 512 4316 impigre
535 4238 641 4316 gladio.
676 4225 756 4292 bern.
782 4246 811 4290 et
827 4235 880 4292 Ed.
897 4233 981 4289 biert.
1004 4247 1057 4291 om.
1073 4235 1198 4306 impigre·

339 2970 365 3022 d.
386 2969 473 3026 Prlne.
496 2973 525 3020 et
543 2965 625 3018 llere.
662 2961 694 3015 ln
714 2961 784 3020 ttdd.
803 2963 883 3016 Bssll.
897 2962 1210 3108 pppetpppppeugopstgupn
