2808 4686
384 431 664 488 onsenrarrones
702 435 740 485 tn
763 435 829 486 nra.
853 435 879 484 ι.
1103 409 1175 484 385

86 629 179 699 grato
198 617 312 681 ederes
342 619 444 683 obruit
472 623 699 702 atterentem),
736 643 900 686 consensus
917 621 1044 698 elamat,
1068 619 1180 684 Photio

89 719 182 780 fidem
203 721 329 782 omnino
347 719 555 804 denegandam
584 744 659 800 esse,
679 723 827 786 tradenti:
849 721 992 804 χειμῶνα
1015 720 1051 784 δὲ
1074 717 1182 792 αὐτοῖς
1228 803 1235 816 ι

88 813 260 898 §patmon
274 812 375 898 Ἥρα·
396 819 452 882 καί
479 818 703 902 προσενεχθεὶς
730 819 848 884 Σιδῶνι
869 817 886 882 ὅ
907 817 1111 900 Ἀλέξανδρος
1131 813 1181 881 oi-

90 921 148 994 ρεῖ
161 911 220 997 τὴν
239 911 342 980 πόλιν·
384 915 651 994 καίἆποήλεῦσας
672 919 718 995 εἰς
729 909 827 984 Ἴλιον
846 914 968 1000 γάμους
988 917 1043 998 τῆς
1058 915 1182 1000 Ἑλένης

88 1014 281 1082 ἐπετέλεσεν.
333 1017 404 1082 Vid.
435 1017 600 1082 Wueilner
638 1019 677 1082 de
700 1020 794 1104 Cyclo
815 1020 914 1104 Epieo
935 1040 966 1102 p.
990 1019 1041 1102 75.
1062 1019 1179 1092 Miror,

89 1115 188 1202 quod⁴
213 1127 315 1179 tamen
345 1117 520 1182 Wuellneri
550 1120 738 1182 verissimam
774 1121 949 1204 opinionem
983 1127 1071 1180 tento
1089 1137 1183 1202 opere

90 1215 250 1300 impugnat
269 1215 371 1279 Fuehs
392 1219 518 1294 Quaest.
540 1241 572 1302 p·
592 1219 647 1282 66.
669 1240 716 1302 sq.
972 1219 975 1226 '

162 1301 375 1382 ardomain
406 1323 516 1402 regem)
568 1319 613 1386 Cf.
634 1319 766 1400 tih.,1v.
790 1321 823 1398 d.
845 1322 933 1400 Quae
952 1319 1017 1381 fuse
1036 1317 1086 1380 hie
1104 1339 1182 1380 nar·

89 1425 214 1496 rantur,
235 1435 270 1477 ea
290 1437 325 1478 ex
347 1418 437 1478 Hom.
459 1418 494 1484 ll.
517 1418 574 1486 v1.
605 1419 677 1504 289.
701 1407 766 1480 xnbi
796 1431 904 1504 raptus
923 1419 1125 1480 foeminarum
1145 1438 1181 1478 ex

88 1516 288 1580 Sidoniorum
306 1515 383 1579 urbe
400 1519 436 1580 fit
457 1522 593 1598 mentio,
613 1517 663 1580 rel
684 1521 747 1603 ipse
766 1519 872 1604 Dictys
892 1519 1109 1593 adumbravit,
1131 1517 1182 1580 rel

89 1617 235 1698 antiquus
257 1627 366 1700 poete,
389 1637 480 1701 quem
501 1619 543 1680 ob
565 1617 670 1681 oeulos
697 1619 826 1682 habuit:
859 1617 944 1702 quod
965 1619 1088 1702 quidem
1108 1640 1182 1701 pro-

88 1715 193 1778 babile
214 1727 261 1778 est
279 1716 329 1779 vel
360 1739 395 1780 ex
427 1719 494 1780 loeo
517 1718 644 1800 Photii,
674 1739 765 1802 quem
797 1719 889 1780 modo
920 1718 1084 1804 adscripsi:
1108 1719 1182 1782 licet

89 1819 174 1878 enim
194 1819 290 1880 verba
310 1818 372 1880 sint
391 1819 593 1902 interpolata,
614 1840 663 1882 rea
685 1829 787 1882 tamen
808 1830 891 1882 certa
911 1819 968 1882 est.

173 1915 229 1982 VI.
285 1917 477 1980 Palamedes
507 1951 540 1966 -·
573 1918 619 1980 ad
647 1917 814 1982 Priamum
837 1919 918 1999 adse)
960 1918 1006 1982 At
1025 1917 1129 1985 Melel.
1150 1943 1181 2004 p.

94 2033 165 2074 rsa.
186 2013 259 2076 Kar*
276 2007 375 2096 ἦλθεν
394 2009 411 2077 o‘
433 2017 600 2091 Μενέλαος
621 2011 889 2098 πρὸς-Πρίαμον.
908 2051 952 2066 ·-
972 2016 1021 2080 De
1040 2019 1181 2082 Palame-

90 2115 139 2176 dis
157 2117 306 2197 sapientia
327 2117 427 2200 Heyd.
452 2117 493 2179 ad
517 2117 627 2202 virgil.
649 2119 727 2186 Aen.
751 2121 789 2186 ΙΙ.
810 2117 861 2183 8¹.
881 2117 956 2188 Ere.
978 2119 1047 2200 1V;
1073 2120 1182 2184 lacobs

88 2214 130 2276 ad
153 2216 257 2278 Treta.
278 2215 446 2284 Antehom.
467 2216 537 2285 265.

173 2314 399 2378 discordiarum
419 2317 464 2378 Ili
486 2331 518 2380 et
537 2317 668 2404 Pelopis)
710 2317 845 2401 Coeptee
864 2317 922 2383 hae
938 2318 1111 2382 discordiae
1132 2322 1181 2382 in·

88 2425 139 2476 ter
159 2415 273 2478 Tmom
294 2427 326 2480 et
344 2417 521 2498 Tantalum,
542 2416 629 2480 illum
650 2417 709 2499 lli,
733 2417 818 2482 huno
833 2419 958 2504 Pelopis
977 2431 1115 2502 petrem,
1137 2421 1187 2492 ob·

89 2527 211 2600 raptum
236 2517 444 2602 Ganymedis3
474 2539 566 2602 quem
598 2519 678 2580 Tros
706 2521 801 2581 armis
822 2521 983 2582 vindicare
1004 2541 1179 2604 eggressus,

87 2637 163 2678 eum
184 2615 353 2696 decederet,
373 2617 491 2680 bellum
515 2617 562 2680 tto
583 2617 793 2702 peragendum
813 2619 958 2702 reliquit:
976 2640 995 2680 a
1014 2641 1076 2702 quo
1096 2619 1180 2680 Tan-

88 2713 170 2777 talus
187 2715 397 2800 Paphlagonia
415 2719 536 2780 eiectus.
577 2717 638 2780 Sed
659 2717 844 2780 detrimenta
857 2721 937 2802 petri
960 2715 1042 2780 illata
1063 2719 1180 2800 magnis

87 2815 221 2877 invicem
242 2817 362 2880 damnis
382 2818 492 2902 Pelops
521 2815 605 2880 ultus
626 2827 682 2879 est.
725 2817 855 2879 Praeter
875 2815 1047 2878 Diodomm
1069 2817 1130 2880 sie.
1152 2829 1182 2880 et

88 2915 303 3000 Lycophronis
321 2919 500 2982 scholiasten
522 2915 585 2980 vid.
608 2918 699 2982 Oros.
722 2919 745 2982 1.
771 2937 820 2984 ια.
862 2917 1016 2986 Oeneenr.

170 3015 290 3078 dannan
308 3018 357 3080 ad
372 3039 403 3081 se
428 3053 467 3066 --
486 3015 622 3096 deducit)
664 3017 755 3080 Hom.
778 3017 814 3084 ll.
836 3019 889 3079 111.
910 3037 983 3100 ²⁰7·

171 3115 247 3180 Vll.
289 3119 384 3182 Alex.
406 3139 475 3180 cam
494 3117 624 3203 suprad
640 3137 720 3186 cort.
736 3119 832 3186 veniri
874 3118 1179 3200 Insignemerrorem

85 3215 227 3280 admittit
254 3217 461 3303 Vindingius,
494 3219 556 3280 huc
582 3219 717 3280 referens
742 3239 779 3279 ex
813 3215 947 3292 Melela,
971 3216 1180 3298 Alexandrum

86 3325 158 3398 post
177 3319 302 3403 triginta
329 3321 427 3380 trium
459 3339 608 3380 annornm
642 3320 675 3380 in
701 3339 777 3402 egro
798 3317 958 3382 Amandra
987 3320 1053 3402 (qut
1073 3327 1181 3401 postea

84 3411 217 3498 Πάριος
237 3439 256 3478 a
270 3417 384 3480 Paride
404 3428 450 3480 est
467 3417 645 3502 appellatus.
689 3417 794 3480 Const.
815 3419 950 3484 Manass.
974 3437 1004 3500 p.
1028 3423 1089 3496 ao.)
1111 3437 1180 3478 mo·

82 3535 153 3576 ram
175 3517 304 3579 Troiam
323 3520 495 3603 ingressum
515 3539 579 3580 esee
605 3515 684 3599 μηνὶ
705 3514 844 3604 §warni
862 3513 908 3603 τῷ
926 3515 982 3578 καὶ
994 3505 1178 3600 Ἀπριλλίῳ.

84 3617 174 3678 Haeo
192 3619 305 3702 quippe
324 3641 386 3680 non
405 3617 445 3680 ad
467 3617 610 3680 Paridem
624 3639 647 3679 o
668 3619 776 3701 Sparte
796 3617 923 3680 Troiam
949 3615 1091 3678 reducent
1111 3637 1182 3697 spe·

83 3727 192 3796 etant,
209 3717 264 3780 sed
295 3716 337 3780 ad
367 3718 458 3803 longe
477 3717 572 3780 alium
595 3721 728 3800 priorem
750 3715 908 3793 reditum,
931 3715 1054 3798 dequo
1076 3713 1181 3781 natet.

82 3839 115 3899 p,
140 3815 198 3896 114
219 3839 286 3902 sqq,
308 3819 379 3881 Huc
399 3830 503 3882 autem
525 3819 657 3895 iaciunt,
679 3839 759 3901 quae
779 3817 908 3902 legimus
930 3815 1034 3879 Mutet.
1056 3835 1086 3898 p.
1113 3836 1177 3876 rao.

81 3909 186 3979 Meni
217 3915 253 3980 δὲ
282 3915 399 4000 χρόνον
429 3909 529 4000 ἦλθεν
555 3915 591 3980 ἐκ
620 3919 678 4000 τῆς
707 3914 874 3997 Αἰγύπτου
903 3910 922 3974 d
946 3907 1077 3999 Πάρις,
1098 3909 1181 3993 ἔχων

81 4009 146 4094 τὴν
169 4011 297 4098 Ἑλένην
324 4015 381 4080 καί
410 4013 450 4080 τὰ
489 4012 644 4100 χρήματα
678 4014 734 4079 καί
764 4009 820 4080 τὸν
854 4013 990 4077 πλοῦτον
1024 4003 1096 4076 ὅλον
1124 4013 1182 4096 τῆς

81 4135 199 4196 evene.

169 4236 237 4278 ana
258 4239 353 4294 voce,
379 4219 503 4280 minime
522 4215 723 4294 reddendam)
773 4214 874 4287 Melel.
900 4237 929 4296 p.
959 4235 1028 4276 raa.
1049 4215 1105 4278 καὶ
1124 4204 1181 4274 οὔκ

82 4314 285 4398 turstanum
310 4312 342 4382 oi
372 4317 560 4402 Πριαμῖδαι
582 4315 695 4380 δοῦναι
719 4305 831 4396 αὐτήν.
886 4316 982 4380 Varia
1007 4316 1183 4381 astruens

130 4449 261 4488 ΙΙΩΠΙ»
945 4415 988 4483 25

504 4624 566 4650 ,
866 4520 904 4649 't
