2860 4688
815 131 827 186 i

251 375 326 470 88,Ι
635 391 757 444 nimus
781 391 960 442 caesenate

250 581 467 694 perspicere
504 607 546 660 se
577 585 761 684 originem
788 581 943 657 huiusce
967 583 1105 677 morbi,
1142 583 1212 660 seri
1242 585 1339 662 laod

251 699 409 776 liberum
437 721 517 776 esse
533 703 705 802 ειιίᾳιιαιη
729 698 873 802 eloqui:
896 722 950 772 ex
973 725 1051 802 quo
1071 701 1265 792 accideret,
1289 713 1343 778 utr‘

247 821 499 923 potentissimi
516 823 620 920 regis
640 819 877 892 contraheret
896 816 1093 920 effusam.
1141 823 1229 896 Post
1243 847 1342 921 quae

249 934 419 1012 Achilles
450 959 554 1036 reges
589 929 759 1033 singulos
784 932 928 1034 adigit,
965 952 1012 1009 nt
1036 934 1260 1039 interposita
1284 937 1340 1011 iu-

251 1047 463 1128 risiurandi
496 1049 682 1152 religione
713 1049 1006 1138 confirmarent,
1045 1075 1274 1155 nequaquam
1300 1075 1341 1126 so

121 1230 132 1255 .
251 1166 301 1242 olr
334 1191 381 1242 eo
413 1163 571 1270 offendi.
628 1169 714 1242 Hoc
738 1165 853 1242 modo
881 1165 1059 1252 Calchas,
1094 1168 1163 1242 ubi
1190 1185 1341 1244 cuncto-

253 1309 344 1362 rum
363 1283 513 1377 animos
536 1282 578 1358 in
601 1307 642 1356 ee
666 1281 900 1375 conciliavit,
924 1281 1118 1383 Apollinis
1136 1286 1232 1356 irem
1255 1305 1341 1387 pro-

250 1399 432 1476 nunciata
457 1421 538 1474 eum
564 1421 738 1500 nomque,
769 1395 817 1472 ob
853 1401 1031 1472 iniuriam
1057 1397 1263 1474 sacerdotis
1287 1403 1342 1472 iu-

235 1519 387 1622 sestum
405 1514 575 1600 Graecis,
588 1537 731 1615 poenas
747 1512 797 1590 ab
814 1517 987 1588 exercitu
1004 1529 1192 1616 eupetere.
1238 1513 1341 1592 Dein

248 1631 499 1740 perquirente
525 1627 676 1706 Achille
700 1629 793 1706 mali
819 1627 1050 1721 remedium,
1075 1633 1343 1706 rociooionmr

247 1753 416 1850 uirginis
439 1747 688 1854 pronunciat.

347 1867 489 1948 mi.
538 1867 640 1940 Tum
664 1867 950 1968 Agamemnon,
987 1860 1206 1946 eonieetans
1236 1859 1344 1965 quod

249 2007 341 2060 mox
375 1979 535 2072 accidit,
576 1981 736 2058 consilio
770 1981 909 2058 tacitns
943 1979 1129 2082 egressus,
1165 1996 1344 2069 cunctos,

249 2117 347 2204 quos
377 2123 506 2174 seeum
542 2097 752 2192 habuerat,
789 2098 833 2175 in
864 2099 982 2174 armis
1017 2121 1093 2174 esse
1126 2094 1247 2172 iubet
1296 2093 1344 2172 ld

247 2215 320 2292 ubi
345 2213 513 2294 Achilles
533 2211 828 2302 animadvertit,
853 2232 1066 2290 commotus
1090 2211 1147 2288 rei
1166 2209 1345 2314 indigna-

250 2335 367 2424 tione,
393 2332 510 2410 simul
535 2333 708 2440 pernicie
733 2331 866 2410 defessi
890 2333 1077 2410 exercitus
1099 2331 1254 2421 anxius,
1278 2327 1346 2404 de-

248 2451 478 2529 functorum
512 2475 677 2555 corpora
712 2448 974 2526 miserandum
988 2448 1044 2523 'in
1068 2445 1228 2524 modum
1253 2472 1346 2522 con-

249 2567 349 2645 lecta
382 2565 561 2671 undique
585 2568 629 2644 in
661 2593 788 2644 unum
821 2566 951 2670 colligi
984 2565 1112 2655 iubet,
1148 2582 1267 2668 atque
1291 2563 1346 2641 in

248 2703 444 2762 conventu
468 2703 559 2762 ante
584 2711 651 2762 orn
675 2683 855 2762 omnium
879 2681 1032 2789 proiiei.
1082 2683 1172 2781 Quo
1198 2699 1348 2786 specta·

248 2803 340 2878 culo
370 2801 466 2878 adeo
498 2801 683 2880 commoti
718 2827 822 2906 reges
853 2817 1060 2906 gentesque
1094 2823 1246 2888 omnes,
1282 2797 1347 2872 uti

249 2917 452 2996 adversum
476 2925 803 3024 Agamemnonem
834 2919 884 2995 ab
915 2916 1066 2994 cunctis
1100 2933 1351 3022 pergeretur,

251 3033 494 3142 (luceatque
518 3057 677 3116 auctore
702 3037 873 3130 Achille,
898 3054 948 3128 et,
972 3036 1004 3113 si
1029 3051 1234 3140 perstaret,
1262 3059 1353 3108 sna-

251 3147 400 3244 dente,
448 3153 568 3233 exitio
618 3150 910 3236 vindiesndum.
990 3151 1102 3251 Quae
1142 3149 1212 3226 ubi
1267 3147 1354 3252 regi

248 3419 286 3475 sd
304 3421 372 3480 Stil.
389 3422 445 3494 lug·
464 3437 507 3492 70·
525 3421 551 3480 ὅ.
587 3421 731 3478 Praeterea
747 3421 933 3504 Wopkensins
951 3422 1051 3476 melius
1070 3421 1224 3476 emtionem
1241 3419 1286 3474 sie
1298 3435 1360 3490 pu-

248 3497 293 3545 tat
316 3492 464 3562 procedere
482 3495 535 3548 Ille
552 3507 652 3548 autern.

319 3563 445 3619 huiusce)
460 3567 539 3622 nesn.
557 3573 587 3618 et
603 3564 653 3617 Ed.
670 3565 753 3617 Alere
771 3564 864 3619 Aulus.
899 3563 973 3616 lnlrs
996 3565 1072 3620 ctat.
1097 3565 1249 3637 quiequam
1276 3559 1359 3632 eloq.

249 3631 306 3690 Sed
325 3635 430 3687 intell:
448 3637 576 3707 cuiquam
595 3635 691 3707 eloqui
710 3637 845 3706 originem
862 3633 961 3686 morbi.

319 3705 384 3758 Poe
400 3705 609 3778 quoe-adigit)
626 3707 653 3760 S.
674 3706 747 3762 Gall.
770 3721 834 3776 opp.
854 3713 883 3758 et
901 3707 979 3758 Bern'.
995 3706 1154 3780 Postquam.
1189 3701 1240 3754 Ed.
1260 3699 1360 3752 trine

247 3773 302 3831 Pes
333 3775 528 3848 ram-adegit.
546 3779 620 3832 erat.
639 3775 721 3831 adlit.
737 3783 765 3830 el
783 3776 856 3828 inlra
873 3793 902 3830 re
920 3777 954 3830 ol
972 3793 1033 3830 eust
1049 3791 1162 3831 eausam
1186 3769 1307 3843 offiudr'.

347 3845 415 3897 xx1.
451 3850 585 3914 consilio)
620 3849 663 3902 lta
679 3857 734 3902 tres
752 3847 827 3899 MSS.
847 3853 876 3908 et
892 3845 941 3898 Ed.
960 3842 1277 3911 Mere.,noneoucllio.
1308 3841 1362 3893 Cf.

249 3913 286 3966 nd
304 3917 326 3970 l.
344 3918 363 3970 6
384 3925 414 3969 et
431 3919 458 3976 8.
494 3919 583 3988 Supra
600 3936 650 3988 pro
669 3917 832 3974 coniectans
850 3917 923 3972 Cret.
949 3929 1117 3971 oentenaria.
1148 3913 1254 3966 essem
1276 3910 1364 3964 infra

248 3985 355 4040 leniuit.
390 3987 426 4056 (v.
445 3987 535 4041 Glors.
553 3988 589 4043 ad
607 4007 630 4041 e.
654 3990 708 4061 rs.)
730 3995 760 4042 et
776 3989 807 4039 in
824 4001 901 4059 seqq.
938 3985 1063 4059 undique
1081 3989 1113 4040 iu
1125 3994 1366 4042 causantem

249 4074 303 4114 ⁰⁸·
319 4057 752 4203 uff‘z'lelz.3⁰¹s¹··la“l:
773 4057 1253 4182 'i'l'll'l'l'llllll‘lrlllle
1276 4121 1369 4174 ruf„

249 4195 452 4323 prpouqqlenu
469 4201 544 4257 ctat.
560 4199 686 4265 suadere.
706 4210 738 4258 nt
755 4201 858 4258 trustra
869 4200 1004 4266 cerseuil,
1021 4204 1066 4254 eat
1085 4197 1185 4254 merito
1205 4193 1281 4259 lura
1295 4195 1369 4248 risa

249 4285 280 4324 es
327 4285 357 4324 rr
370 4285 407 4322 ιο.
