2724 4680
420 363 461 420 IN
473 361 653 422 delffl
669 361 878 421 fflYGIUM.
1155 359 1199 426 fl

89 540 224 602 Bistones
246 539 348 602 irnstrs
369 539 498 602 smilion
518 541 661 620 taedent,
683 537 817 602 necares
835 539 1017 602 obtruncssit
1064 539 1197 624 Aponon.

92 627 129 688 11.
141 629 173 704 6,
190 629 221 692 8.

180 711 338 786 reddidisse)
367 709 422 770 Pro
440 711 605 784 tradidisse,
626 716 658 770 nt
676 711 764 772 estin
786 713 820 772 C.
863 709 926 770 Hoc
945 711 1066 790 pertinet
1086 712 1198 790 integro

93 798 241 858 adnotatio
255 797 357 856 Bremii
370 797 408 854 nd
419 795 496 876 Nep.
510 797 627 858 Herniir.
646 803 674 874 1,
693 797 723 861 6.
766 798 810 858 Ci.
827 797 867 856 sd
885 817 909 856 c.
930 796 982 862 42.
1025 797 1114 856 intro:
1136 817 1198 874 reg·

93 901 159 942 ssuss
184 880 410 942 suun-trudidit.
464 883 553 945 isoen.
581 883 661 946 4⁵62
687 883 740 941 ts'in‘
764 899 850 960 regno
872 879 984 959 donus,
1012 883 1051 942 sit
1072 881 1197 963 Teteptro

92 967 242 1030 Teuthras.

180 1056 237 1111 eius
248 1051 296 1130 sd.
318 1047 353 1110 T.
372 1053 400 1110 ei
416 1069 474 1130 sup.
500 1047 544 1125 V.)
576 1049 646 1109 Eius
666 1049 884 1124 tenerentur
911 1053 966 1112 eii.
982 1069 1008 1111 e.
1021 1049 1196 1111 Teutbrenti

95 1136 265 1200 Doccrio.
308 1135 375 1196 idos
395 1149 460 1214 post
477 1153 586 1212 rrgnrnn
599 1155 676 1194 suurn
694 1137 744 1215 ὃς.
761 1145 790 1196 et
803 1137 837 1195 C.
853 1137 962 1198 addunt
974 1142 1000 1195 st
1013 1133 1153 1198 Moenus

177 1223 241 1301 ptus
252 1219 349 1295 ntuito)
370 1227 401 1284 nt
419 1221 532 1282 <interos
553 1227 616 1279 onte
634 1221 733 1298 mutto,
753 1229 817 1281 snts
826 1221 918 1302 puuis.
960 1222 1061 1282 Horat.
1075 1222 1134 1282 0d.
1148 1221 1198 1282 ΙΙΙ.

96 1311 150 1383 20,
165 1311 195 1371 3.
213 1311 274 1386 post
285 1306 377 1384 poulo.
398 1306 444 1364 ubi
456 1325 484 1366 r.
498 1303 650 1366 Bentleius.

180 1411 270 1452 conon.
285 1399 309 1450 et
317 1391 424 1470 srunr„
436 1398 498 1468 quot
515 1391 607 1466 onnis)
631 1390 673 1452 nr.
688 1390 725 1454 D.
743 1397 771 1454 et
784 1391 819 1452 0.
835 1394 978 1450 connentu
991 1395 1031 1449 tot
1045 1392 1124 1449 mnis
1134 1393 1199 1469 pui-

96 1478 145 1537 ins
157 1497 221 1537 nor.
264 1477 322 1537 Sed
334 1479 384 1554 Sp.
398 1479 424 1534 si
437 1481 578 1534 connecto
584 1476 720 1554 fruniento
739 1483 802 1556 quot
820 1479 897 1535 usuris
911 1477 944 1535 dc
956 1495 986 1534 co
996 1495 1077 1552 regno
1089 1493 1131 1534 sos
1144 1475 1199 1534 nd-

95 1567 178 1622 iuoet.
221 1562 256 1622 C.
273 1567 299 1620 si
308 1565 464 1620 commestus
469 1559 606 1640 frumento
620 1565 762 1640 quotannis
783 1579 817 1620 ex
833 1581 862 1620 eo
879 1581 961 1638 regno
971 1561 1096 1635 adortst,
1118 1579 1199 1639 puonr

96 1651 123 1708 si
140 1648 177 1706 od
198 1647 306 1707 Trosissn
329 1647 505 1704 dimicaturus
523 1647 643 1708 accedat.
685 1647 770 1709 Unde
784 1647 874 1720 effeci,
896 1646 972 1724 qnod
993 1647 1097 1706 editum
1111 1647 1199 1706 vides.

99 1733 264 1793 Commotus
284 1737 309 1789 et
325 1731 492 1810 srurnentuss
511 1733 688 1808 coniungitur
705 1733 781 1811 opud
796 1731 953 1792 Caesarem.
969 1751 997 1788 v.
1014 1731 1198 1809 Oudendorp.

95 1818 133 1877 sd
152 1819 187 1877 Β.
209 1817 246 1876 G.
270 1815 317 1874 ΙΙΙ.
335 1820 365 1879 7.
385 1816 431 1874 nbi
451 1817 511 1895 peri
531 1817 616 1876 mono
633 1817 770 1896 plerisque
788 1817 815 1874 in
830 1815 905 1876 tibris
918 1819 1073 1876 conmeatus
1086 1816 1197 1876 excidit.

93 1902 159 1984 ipse
174 1901 242 1962 Der.
258 1903 315 1965 26:
337 1906 368 1960 ut
383 1905 539 1960 connontus
552 1908 732 1979 conpararent
746 1907 771 1959 et
778 1899 941 1978 frumentun
951 1933 991 1946 -
1003 1905 1197 1979 mppntorent.

178 2005 237 2045 curn
252 2003 349 2062 rengno
359 1985 477 2062 praedm
488 1991 595 2059 conss.)
617 1986 657 2046 Μ.
671 1987 706 2046 D.
723 1993 753 2045 et
769 1987 805 2046 0.
822 2003 882 2043 cuns
897 2005 995 2062 singna
1003 1985 1115 2064 proedo.
1143 1985 1199 2045 nt-

94 2072 142 2151 qui
154 2073 205 2149 83.
218 2087 277 2129 cunr
289 2087 386 2146 nngno
396 2070 514 2147 praedae
528 2075 678 2130 commercio
691 2089 750 2130 osni
765 2075 882 2130 erncitu
897 2071 935 2129 od
950 2069 984 2134 T.
999 2089 1053 2130 reo.
1080 2072 1114 2132 G.
1138 2089 1197 2130 curn

94 2175 191 2234 nugno
209 2154 325 2233 praedae
344 2158 493 2212 consrnercs'o
511 2155 548 2214 od
565 2173 598 2214 er
622 2157 654 2215 Τ.
677 2173 731 2214 reo.
775 2153 859 2215 Dices
877 2160 1026 2214 conmercia
1046 2157 1142 2217 deberi
1164 2155 1198 2214 li·

94 2242 186 2302 brario
202 2240 302 2300 codicis
310 2239 373 2316 sp,
387 2240 530 2298 obsonum
543 2239 672 2300 videlieet
687 2241 863 2316 sequentinm
877 2259 936 2298 curn
949 2241 1075 2300 ernosto.
1117 2238 1198 2299 Attu-

94 2345 156 2388 rnen
170 2329 284 2384 duonun
302 2324 430 2384 librorum
446 2343 608 2384 eonsensum
628 2327 706 2402 sequi
726 2323 834 2402 placuit.
878 2325 1066 2402 significetur,
1087 2325 1197 2404 opinor,

95 2429 196 2488 magno
214 2409 293 2488 copie
313 2417 342 2469 et
363 2411 441 2486 qrresi
451 2417 618 2468 commentus
632 2410 821 2470 alimentorum
837 2409 1019 2486 praedatione
1035 2417 1197 2488 ooptorum3

95 2499 138 2554 sin
157 2514 260 2571 grossos
282 2493 403 2566 Vorrntt,
423 2497 466 2552 ein
491 2491 587 2551 Marri
611 2512 662 2552 oon
681 2491 774 2552 neore.
817 2492 862 2551 Ct.
880 2493 978 2552 Front.
1000 2495 1087 2554 Strot.
1109 2497 1140 2567 2,
1160 2493 1196 2558 ὅτ

95 2579 196 2641 Certc'n
204 2579 312 2660 focius,
332 2579 431 2638 nonen
445 2579 545 2658 inopen
557 2582 707 2639 connercio
721 2577 852 2652 totocors,
872 2578 890 2637 i.
910 2597 935 2640 e
953 2579 1031 2655 cibis,
1050 2578 1197 2639 elimentis.

529 2785 582 2852 Gn
594 2811 621 2851 r.
645 2785 756 2854 XVII.

172 2911 303 2997 pacifice)
324 2917 420 2978 Senior
429 2916 558 2978 latinitas.
598 2917 670 2978 Boni
686 2919 782 2978 dicunt
794 2937 852 2977 cuns
862 2935 938 2998 poce.

176 3001 235 3061 n«.
248 3003 365 3062 emto
379 3007 495 3082 geritur)
521 3005 562 3062 its
578 3004 606 3063 in
623 3003 657 3061 C.
673 3011 724 3063 est.
766 3005 817 3082 sg.
838 3003 994 3063 consuitunr.
1036 3001 1109 3062 Oett.
1133 3021 1197 3062 coss·

92 3085 175 3146 suinu
218 3090 289 3166 Cep.
314 3092 362 3152 19.
382 3088 441 3146 iibri
463 3107 557 3147 ornnes
578 3087 699 3147 conredo
717 3089 772 3165 Ag.
789 3091 957 3168 praeficiunt.
980 3107 1005 3149 c·
1026 3091 1067 3152 25
1090 3088 1196 3148 tino.

92 3171 219 3232 Prsisnus
239 3173 356 3230 consulto
374 3173 467 3252 socii,
496 3181 561 3234 cett.
575 3174 700 3234 consulte.
745 3174 872 3234 Consulto
896 3173 934 3255 (i.
955 3193 985 3252 q.
1006 3173 1141 3250 consitio)
1166 3174 1196 3234 in

91 3255 178 3317 MSS.
193 3259 276 3316 etiem
290 3259 403 3318 otiorum
422 3259 585 3336 scriptorum
608 3261 759 3334 invenitnr3
781 3263 831 3320 sed
850 3279 884 3319 en
903 3263 940 3320 ni.
963 3259 1047 3319 MSS.
1072 3259 1195 3320 editores

89 3342 149 3401 iere
159 3341 347 3418 praetulerunt
360 3343 487 3402 consutio.
532 3341 656 3402 Consuits
675 3352 765 3402 autem
784 3345 919 3404 abietinas
934 3343 1069 3423 participii
1082 3343 1196 3402 absolu-

88 3433 135 3486 rus
153 3433 206 3498 est,
229 3433 260 3484 ut
276 3433 390 3504 cognito,
410 3430 513 3499 sudrro,
534 3435 563 3488 et
583 3429 637 3488 elia
657 3432 811 3506 permulto,
833 3431 1025 3510 explicandos:
1047 3434 1195 3507 postquem

89 3511 241 3570 consultum
256 3522 307 3584 est,
329 3513 443 3572 consitio
461 3513 564 3574 habito.
608 3513 738 3573 Eiusdem
756 3515 962 3594 signifiostionis
978 3520 1022 3575 ert
1037 3533 1062 3573 c.
1074 3515 1127 3578 ot·
1140 3513 1194 3577 88.

90 3596 140 3661 42.
161 3615 195 3654 ιτ
208 3597 315 3657 consilii
325 3602 463 3658 smtestiu.
485 3607 516 3658 et
532 3617 556 3658 c.
571 3599 621 3663 36.
637 3617 669 3658 cx
683 3600 802 3661 consitio.

523 3804 612 3871 Ger.
636 3806 763 3874 XVIII.

173 3929 285 3996 Pano
307 3937 371 3997 ndo.
392 3937 419 3996 d.
438 3933 504 4009 Gr.)
532 3937 579 3995 Sic
598 3938 695 4016 scripsi
718 3957 753 3998 er
774 3935 827 4014 ὃς.
845 3935 964 3997 tectione
990 3937 1036 3997 rr.
1051 3935 1193 3996 udosrsun

87 4013 226 4078 muns.
242 4023 279 4082 ni.
301 4034 331 4084 et
355 4023 390 4082 C·
411 4021 521 4082 Prinna·
539 4021 667 4080 odoersus
685 4023 806 4082 ductores
820 4021 981 4081 Gmeccnsn
998 4022 1035 4083 nt
1076 4023 1110 4081 ln
1123 4027 1193 4084 cett·

88 4099 196 4162 Prion
209 4105 330 4168 ductores
343 4109 379 4167 iri.
393 4141 436 4154 -
457 4105 553 4166 Adesse
568 4108 605 4166 nd
624 4108 768 4182 ousiir‘unr,
790 4107 938 4168 borbum
952 4114 1006 4170 est.

171 4193 359 4268 insinuandos)
380 4193 397 4251 i.
411 4214 435 4254 e.
449 4193 619 4252 indicendus.
634 4211 661 4252 v.
679 4195 716 4252 ed
728 4193 802 4254 Diet.
818 4193 910 4257 Prncf.
922 4212 950 4273 p-
963 4192 1065 4256 XLIX.

173 4273 206 4334 ds
227 4277 308 4340 Zsis'u
329 4277 419 4338 Pond.
439 4277 505 4354 cet.)
534 4277 579 4338 lrs
598 4277 730 4340 Puduro
749 4283 827 4342 recte
844 4279 939 4340 trudit.
961 4297 988 4340 r.
1006 4281 1090 4346 floon
1104 4279 1135 4340 ll.
1151 4279 1191 4344 Π.
