2766 4690
209 387 283 460 386
513 403 789 456 onsmvsrronns
814 403 851 454 m
876 403 944 453 nro.
967 403 993 452 1.

207 597 334 674 Quaest.
355 616 386 678 p.
406 591 458 677 67.
476 629 517 646 ·-
553 597 710 658 Summam
731 590 889 675 legationis
908 611 943 652 ex
963 587 1076 673 Dietye
1098 588 1302 652 reddiderunt

166 769 170 776 ι
206 693 335 757 Mulelas
362 705 393 754 et
420 693 587 760 cedrenus.
637 693 803 774 Septimius
828 711 904 772 prae
934 691 1043 750 ceteris
1073 689 1165 749 rebus
1185 691 1303 750 amavit
1360 707 1361 756 ι

206 795 327 876 Dietyis
348 793 531 876 legationes,
557 813 633 876 quas
656 792 722 852 fuse
743 791 911 871 descripsit.
954 789 1066 869 Magna
1085 787 1115 848 ln
1137 786 1302 870 legationi·
1360 775 1361 836 l

208 895 380 976 busDictyi
399 894 457 955 fuit
476 893 615 969 variandi
636 901 669 954 et
690 890 826 952 novandi
846 889 917 952 data
935 889 1065 966 occasio,
1086 908 1179 971 quum
1198 885 1302 948 liben-

207 995 322 1056 tissime
341 994 481 1072 arripuit.
1360 1035 1361 1104 ,

291 1094 349 1153 IX.
392 1093 543 1154 Danaum
564 1092 645 1152 enim
667 1105 760 1173 atque
781 1088 881 1169 Agen-
909 1121 949 1134 -
972 1099 1114 1150 auctores
1134 1089 1212 1166 esse)
1238 1087 1302 1150 He-
1360 1123 1361 1166 ι

206 1193 275 1254 lena
297 1213 365 1252 cum
376 1191 499 1254 Priamo
513 1213 545 1252 sc
558 1213 667 1273 genere
686 1211 752 1252 esse
771 1193 965 1250 coniunctam
986 1186 1143 1248 contendit
1162 1189 1194 1248 in
1213 1188 1300 1250 hune

205 1291 352 1352 modum:
379 1289 406 1350 A
429 1291 536 1351 Danao
556 1292 708 1373 originem
732 1289 819 1350 ducit
839 1290 988 1362 Priamus,
1011 1287 1051 1348 ab
1071 1290 1213 1371 Agenore
1237 1289 1299 1350 He·

205 1391 295 1452 lena:
319 1391 443 1450 Danaus
467 1403 570 1450 autem
591 1399 624 1448 et
645 1389 772 1476 Agenor
792 1390 930 1470 proxima
948 1388 1209 1471 oonsangnlnitate
1229 1390 1299 1449 iun·
1360 1399 1361 1410 ¹

203 1493 245 1550 cti
268 1501 361 1568 sunt3
382 1491 477 1572 igitur
497 1489 615 1550 Helena
634 1497 757 1571 qnoque
777 1500 809 1549 et
829 1489 971 1549 Priamus
989 1490 1216 1570 consanguinei.
1261 1489 1297 1548 ln

203 1591 252 1652 his
272 1581 425 1674 AgenorIs
454 1600 485 1650 et
504 1590 605 1650 Danai
637 1587 830 1650 necessitudo
861 1599 943 1649 recte
969 1609 1002 1650 se
1023 1588 1142 1650 habet:
1162 1588 1297 1670 Neptuni

204 1692 288 1752 enim
310 1690 365 1752 filii
388 1689 479 1752 Belus
499 1699 531 1751 et
551 1689 696 1772 Agenor,
728 1688 792 1750 Beli
813 1689 949 1750 Danaus.
989 1687 1135 1773 Apollod.
1155 1689 1195 1748 ll.
1220 1688 1298 1766 nli.

202 1791 265 1878 Sed
286 1811 365 1874 quae
387 1799 560 1874 sequuntur
581 1791 737 1872 origines,
758 1791 872 1872 quilius
882 1791 995 1850 Priami
1018 1811 1113 1872 genus
1136 1807 1155 1850 a
1175 1789 1295 1860 Danao,

204 1890 341 1954 Helenae
362 1893 402 1954 ab
414 1893 557 1976 Agenore
578 1889 738 1972 repetitur,
755 1889 946 1952 adulterinae
966 1901 1059 1968 sunt3
1081 1899 1113 1950 ct
1133 1891 1164 1950 in
1179 1891 1296 1950 utrum·

203 2013 263 2077 qne
282 1994 385 2075 stirpis
415 1996 514 2075 primo
535 1983 667 2074 quoque'
690 1990 827 2052 membro
850 1992 957 2075 Dictys
978 1990 1053 2052 laba
1074 1993 1220 2052 mentitur
1240 2011 1294 2050 no·

202 2095 305 2154 mina:
326 2113 428 2175 neque
447 2093 531 2153 enim
553 2091 653 2150 Danai
669 2088 766 2150 liliam
787 2091 961 2166 Hesionam,
984 2111 1083 2172 neque
1102 2093 1195 2151 etiam
1214 2093 1295 2173 Age·

203 2194 290 2254 noris
311 2191 404 2254 filiam
422 2193 592 2275 Taygetum
622 2211 657 2250 ex
677 2199 764 2252 certo
782 2201 921 2251 veterum
942 2190 1127 2272 scriptorum
1149 2181 1294 2252 consensu
1360 2237 1361 2250 2

206 2295 358 2354 novimus.
380 2326 421 2338 -
461 2292 511 2352 De
532 2289 658 2352 Graecis
689 2301 720 2350 et
740 2290 881 2351 Troianis
900 2309 1012 2373 genere
1032 2291 1202 2352 coniunctis
1220 2289 1294 2351 Vir·

202 2390 255 2478 gil.
275 2391 355 2457 Aen.
374 2391 463 2454 v111.
489 2389 662 2473 129-145.

285 2513 330 2554 ex
346 2513 405 2576 quo
429 2491 520 2567 Duc)
562 2487 725 2550 Manifesto
758 2486 809 2548 liic
829 2498 915 2550 errat
935 2489 1065 2572 Dictys,
1084 2489 1199 2552 Troem
1217 2489 1295 2550 Der·

203 2590 277 2654 clani
307 2590 404 2652 filium
427 2591 612 2666 nominans,
645 2608 716 2648 curn
738 2587 829 2649 fuerit
849 2587 1063 2666 Erichthonii,
1083 2601 1118 2652 ut
1142 2599 1225 2650 reete
1244 2609 1294 2650 re·

202 2690 271 2752 tulit
300 2689 353 2757 lib.
377 2691 430 2757 tv.
452 2711 502 2754 aa.
545 2686 674 2770 Culpam
693 2685 775 2748 illius
803 2689 919 2749 erroris
941 2689 971 2750 in
1000 2709 1063 2773 quo
1082 2689 1207 2750 haereat
1224 2686 1296 2749 dicit

203 2791 383 2854 Perizonius
401 2792 481 2852 Diss.
499 2789 531 2874 §-
554 2791 660 2852 XVlI.
700 2789 749 2850 De
768 2807 873 2870 regom
884 2789 1092 2850 Troianorum
1113 2809 1222 2872 genere
1241 2807 1295 2848 no-
1360 2791 1361 2860 l

203 2888 274 2952 bilis
304 2901 351 2952 est
382 2890 466 2952 locus
490 2891 581 2952 Hom.
601 2887 638 2950 ll.
661 2889 735 2954 XX.
760 2887 820 2950 215
841 2907 908 2971 sqq.
929 2888 979 2950 Cf.
1001 2887 1146 2972 Apollod.
1169 2889 1226 2954 lll.
1249 2907 1295 2951 ra.

288 2991 441 3071 Agenoris
459 3009 553 3074 porro
579 2989 763 3070 Taygetum)
807 2987 874 3048 Hoc
892 2999 938 3050 est
957 3000 1065 3052 contra
1085 2989 1229 3074 Apollod.
1244 2990 1292 3052 lll.
1360 3057 1361 3060 Ἴ

210 3111 269 3169 ¹⁰3
290 3091 401 3174 Hygin.
428 3089 489 3154 seb.
516 3086 573 3150 155
595 3099 626 3148 et
648 3107 716 3170 ¹9¹·
734 3097 909 3170 ceterosque
930 3091 1119 3173 scriptores,
1140 3093 1196 3173 qul
1214 3091 1293 3171 Tay-

203 3201 307 3272 getam
328 3189 464 3250 Atlantis
494 3209 530 3248 ex
562 3185 691 3247 Pleione
722 3185 817 3248 liliam
839 3187 966 3251 faciunt.
1009 3191 1104 3252 Recte
1125 3203 1228 3254 autem
1246 3209 1294 3250 re·

204 3289 264 3351 lert
285 3289 412 3370 Dictys,
437 3285 629 3370 „Taygetam
647 3307 682 3348 ex
703 3283 774 3348 love
794 3286 941 3350 hahuisse
959 3291 1239 3362 lacedaemonem.
1260 3309 1294 3348 ex

205 3409 267 3474 quo
288 3385 450 3473 Amyclam
468 3391 613 3449 natum.“
631 3407 661 3446 v·
684 3386 831 3470 Apollod.
853 3391 890 3450 ll.
913 3409 956 3456 ιο.
989 3392 1027 3470 33
1049 3391 1171 3458 Hellen.
1191 3393 1293 3474 flagra.

203 3511 235 3574 ιι.
255 3488 305 3568 64.
327 3491 426 3552 Stura
446 3488 553 3571 Pergit
582 3487 710 3570 Dictys:
739 3509 783 3550 ex
802 3509 838 3548 eo
860 3488 1031 3570 Argulum,
1048 3505 1173 3575 petrem
1197 3489 1295 3551 Oche·

203 3593 249 3668 li,
272 3611 365 3677 quem
398 3589 606 3668 Tyndari-
623 3599 744 3672 patrem
769 3584 928 3652 consterni.
985 3594 1019 3652 ln
1040 3591 1088 3652 his
1107 3612 1126 3654 a
1147 3591 1294 3654 Pausania

206 3691 260 3753 Ill.
285 3710 311 3753 ι.
340 3692 373 3750 in
403 3709 440 3752 eo
461 3689 528 3750 abit
542 3732 552 3762 ,
566 3686 674 3770 ,quod
694 3685 849 3748 Oebalum
867 3687 941 3752 facit
960 3687 1068 3772 Argali
1088 3691 1208 3770 lilium,
1227 3711 1294 3754 cum

204 3789 298 3853 suerit
318 3789 495 3873 Cynortae‚
528 3787 637 3872 Argeli
657 3787 772 3850 fratris.
825 3789 993 3853 Pausanias
1013 3795 1094 3854 enim
1116 3797 1181 3857 ita:
1203 3795 1294 3856 Laec-

205 3889 360 3953 daemonis
383 3888 552 3972 Amyclas,
585 3885 732 3969 Amyclae
752 3887 883 3970 Argalus
917 3893 1003 3968 (natu
1024 3895 1140 3969 maior,
1172 3897 1225 3978 qui
1243 3913 1294 3976 pa-

204 4001 255 4052 tre
275 3999 397 4050 mortuo
417 3988 566 4072 regnavit)
586 3997 616 4046 et
637 3985 788 4068 Cyoortas
807 3989 870 4070 (qui
890 3989 1007 4072 Argalo
1027 3992 1172 4055 (iniuncto
1193 3998 1225 4054 in
1246 4015 1293 4054 re·
1360 3975 1361 4034 7

205 4109 267 4172 gno
291 4089 454 4166 successit).
474 4085 731 4166 AliterApollod.
751 4089 806 4153 ΙΙΙ.
823 4109 867 4154 ιο.
882 4091 911 4154 3.
930 4089 985 4152 ubi
1005 4092 1152 4176 Amyclae
1176 4095 1293 4177 Cynos-
1360 4077 1361 4102 ¹

204 4195 261 4262 tae,
284 4185 376 4246 huius
398 4185 558 4263 Perieres,
595 4183 688 4246 huius
710 4185 905 4263 Tyndareus.
925 4189 1026 4251 Aliter
1048 4194 1128 4254 idem
1150 4189 1289 4275 Apollod.

205 4281 262 4346 lll.
287 4303 334 4348 ιο.
353 4281 386 4364 4.
408 4283 463 4347 nbi
484 4283 639 4368 Cynortae
653 4283 806 4362 Perieras,
832 4283 926 4350 huius
934 4288 1087 4368 Oebalus,
1108 4289 1293 4375 lraios'l'yu·
