2726 4686
270 376 314 444 10
440 347 444 366 ’
652 359 774 444 nieme
799 393 978 446 commus

267 587 429 664 navibus
454 586 686 663 Phoenicem
718 583 911 692 delapsus,
940 585 1189 665 Sidoniorum
1220 611 1303 690 rege

266 706 446 808 quicum
464 705 586 779 amice
608 724 833 810 susceperat,
858 724 979 782 noctu
994 703 1144 784 insidiis
1163 724 1285 794 necat,

268 823 444 924 demque,
462 847 541 926 qua
556 821 663 926 apud
683 820 1018 914 Lacedaemonam,
1042 820 1257 929 cupiditate
1276 848 1304 895 u

267 963 414 1014 versam
438 937 598 1014 domum
623 939 706 1015 eius
729 939 773 1016 in
797 941 919 1016 scelus
942 939 1146 1047 proprium
1162 965 1303 1015 conver

264 1061 324 1132 lta
348 1052 499 1140 omnia,
532 1081 632 1161 quae
664 1054 715 1131 ad
739 1056 1035 1134 ostentationem
1065 1055 1193 1160 regiae
1218 1082 1303 1159 mag

267 1169 443 1247 licentiae
476 1171 603 1261 fuere,
638 1167 798 1275 indigne
834 1191 946 1277 rapta
983 1170 1036 1248 ad
1070 1195 1183 1252 narce
1220 1169 1303 1246 dese

266 1287 386 1364 iubet.
436 1286 508 1364 Sed
541 1288 613 1364 ubi
644 1315 690 1364 ex
713 1289 992 1365 lamentatione
1013 1312 1170 1372 comm,
1196 1287 1278 1392 qui,

266 1430 354 1481 sum
377 1401 528 1482 domini
553 1403 745 1490 deflentes,
771 1404 915 1509 reliqui
935 1403 1102 1512 praedae
1120 1403 1303 1506 aufugere

268 1521 461 1597 tumultus
503 1540 611 1598 ortus
651 1541 724 1605 est,
767 1523 936 1628 populus
971 1523 1105 1609 omnio¹
1126 1519 1178 1598 ad
1219 1522 1303 1624 regi.

266 1635 476 1714 concurrit.
532 1634 649 1726 Inde,
694 1635 802 1740 quod
843 1639 921 1717 iam
954 1635 1188 1729 Alexander,
1227 1637 1303 1714 abr

267 1752 315 1829 tis
346 1777 447 1856 quae
469 1753 661 1859 cupierat,
699 1755 960 1833 ascensionem
996 1753 1248 1864 properabat,
1290 1781 1303 1860 Ι

262 1995 298 2048 de
322 2013 376 2069 qua
401 2010 427 2048 v.
455 1991 542 2046 Gloaa.
570 2021 601 2036 -
621 1995 663 2047 Au
688 1995 760 2046 iuata
778 1997 816 2047 ait
833 2001 908 2050 mota
924 1997 993 2049 mibi
1011 1997 1041 2048 lu
1059 1996 1141 2056 oon,
1161 1995 1196 2048 de
1215 1995 1303 2048 verbis

263 2067 383 2138 Cyprum
395 2063 554 2126 dubitatio,
573 2071 602 2117 et
618 2065 761 2136 probanda
787 2067 947 2122 coniectura
962 2069 1131 2140 Aegyptum,
1157 2081 1191 2120 ex
1208 2067 1303 2120 rationi

261 2137 304 2190 ibi
325 2135 463 2207 expeditio
478 2133 624 2193 diiudicer.
1061 2183 1064 2191 ,

331 2220 418 2262 noctu
436 2202 561 2276 insidiis)
597 2205 625 2258 S.
648 2204 723 2262 Gall.
740 2221 804 2278 opp.
831 2219 912 2262 nocta
936 2209 968 2262 in
990 2205 1050 2261 dur.
1069 2209 1088 2261 i.
1106 2224 1129 2262 a.
1147 2207 1303 2262 institiae

189 2274 191 2286 '
259 2277 345 2334 etlid.
356 2277 434 2331 Mea.
454 2273 674 2330 nocirtmidiir.
694 2277 777 2330 Recte
787 2275 946 2330 hahatuain
978 2274 1303 2343 ‚Ga11.aee1x.,td.i³1

256 2357 290 2403 at
307 2347 379 2401 Crat.
398 2359 483 2402 noctu
501 2344 623 2404 insidiis.
643 2347 684 2400 aie
700 2349 775 2401 enlm
791 2349 873 2420 loqui
889 2358 965 2403 amat
982 2349 1142 2422 Septimium
1162 2367 1186 2406 v.
1205 2351 1295 2406 Gloaa.

258 2421 324 2476 Oba.
342 2431 426 2472 noctu
442 2434 494 2487 prr
511 2415 641 2469 imidiaa.

255 2540 274 2554 ,,
328 2486 412 2561 Apud
422 2483 672 2556 Lacedaemonem)
706 2485 756 2540 Ed.
768 2486 841 2544 Crat
860 2487 1118 2544 lacedaemoniam.
1135 2506 1218 2561 qoam
1231 2491 1303 2542 leutii

253 2555 420 2617 'varietatem
445 2565 527 2612 notat
552 2559 635 2609 etiam
666 2555 762 2612 Dulce
785 2559 822 2611 ad
840 2560 914 2616 Flor.
940 2561 976 2612 ll,
994 2578 1020 2632 7.
1042 2579 1082 2620 aa.
1109 2559 1232 2614 Unitatae
1250 2559 1303 2614 luel

259 2633 416 2706 posteriore
436 2636 561 2698 tempore
579 2627 682 2681 formae
700 2627 854 2682 adiectivae
873 2630 1112 2697 Lacedaemonia,
1131 2633 1300 2700 Babylonia,

259 2703 365 2766 donia,
382 2717 433 2770 pro
452 2699 655 2763 Lacedaemon,
673 2698 818 2764 Babylon,
834 2701 930 2756 Sidon.
940 2721 965 2755 v.
978 2701 1102 2757 Grauert
1117 2703 1151 2755 ad
1161 2703 1303 2774 Trogil’ro

260 2775 343 2827 XXV.
379 2772 438 2828 Sed
455 2779 584 2842 quartum
602 2785 694 2824 eaaum
710 2769 949 2828 archemorum
967 2781 1119 2844 agnoaeunt
1134 2773 1180 2828 bic
1197 2783 1227 2828 et
1245 2789 1303 2844 cap.

261 2844 347 2904 libri,
364 2842 414 2896 Ed.
430 2843 513 2898 blerc.
533 2850 562 2896 et
579 2841 667 2904 oba,
683 2849 715 2896 ut
733 2849 840 2896 textum
862 2841 1072 2899 Lacedaemona
1095 2861 1152 2914 cap.
1174 2861 1212 2914 ¹7·
1233 2847 1303 2898 Rern

262 2915 312 2970 Ed.
330 2913 415 2967 Marc.
450 2913 541 2984 Atquc
558 2911 628 2968 baec
648 2928 761 2983 quoque
782 2912 872 2967 forma
890 2915 1303 2984 acriptoribuapoaterioribua1

262 2987 325 3057 pria
344 2993 422 3046 erat,
437 2984 542 3049 pariter
557 3001 574 3035 a
608 3001 642 3037 ue
661 2983 796 3048 Crotona,
817 2983 917 3049 Elida,
938 2983 1084 3049 Chalcida,
1101 3001 1152 3056 pro
1170 2983 1283 3046 Croton,

262 3065 316 3112 oct.
342 3053 385 3108 Cl.
405 3051 518 3105 Salmaa.
536 3051 573 3104 ad
616 3053 713 3108 rebell.
732 3054 799 3107 Poll.
823 3056 854 3108 ln
880 3054 999 3109 Gallien.
1019 3053 1103 3110 duob.
1123 3069 1145 3107 u
1166 3058 1191 3110 8.
1214 3072 1243 3125 p.
1263 3053 1303 3109 aoi

262 3124 366 3178 Duker.
391 3130 421 3175 et
445 3121 558 3181 Salmas,
575 3123 612 3174 ad
628 3124 700 3177 Flor.
722 3124 770 3178 lV.
788 3141 831 3178 aa.
852 3125 880 3191 4,
898 3124 1034 3178 Oudendo
1069 3123 1131 3178 .ad
1148 3125 1260 3180 Caeaar.
1278 3126 1303 3177 B⁴

263 3197 308 3248 lli.
327 3209 372 3249 ao.
409 3191 498 3264 Quam
517 3193 579 3276 ipae
596 3202 670 3247 amat
691 3193 855 3263 Septimius:
874 3211 932 3264 cap.
951 3214 975 3251 a.
994 3197 1054 3251 etl
1077 3197 1129 3264 ,4.
1153 3194 1272 3252 Sidonii.
1302 3217 1303 3238 i

263 3283 310 3388 'vll
326 3263 427 3403 lidi.
445 3259 651 3391 'sitit
660 3277 735 3387 sf‘li
754 3263 1303 3407 :latitudi'itfnltt'l

267 3423 308 3460 aa.
332 3403 366 3456 de
385 3401 454 3456 urbe
474 3403 581 3472 agltur,
606 3420 663 3456 uon
684 3404 719 3456 de
737 3405 868 3473 ragione;
895 3423 918 3459 c.
948 3424 987 3477 ¹7·
1008 3403 1189 3474 Intelligenda
1209 3414 1252 3459 eat
1269 3421 1303 3472 rei

264 3475 399 3530 baconia:
424 3475 572 3544 potuitne
595 3473 637 3525 ibi
659 3472 879 3530 Lacedaemonia
896 3478 1064 3540 corrcxlaae,
1088 3478 1137 3548 qui
1155 3479 1216 3531 anti
1238 3478 1303 3528 uiaal

263 3545 434 3616 temporibua
453 3491 685 3597 Lacedaemonem
700 3561 758 3599 non
775 3547 863 3600 aolam
883 3547 995 3610 urbem,
1020 3547 1069 3602 aed
1089 3563 1199 3603 omnem
1218 3496 1303 3600 lacot

264 3619 405 3690 regionem
422 3615 589 3684 significaaae
611 3616 787 3686 ignoraverit.
806 3617 848 3672 cf.
867 3618 948 3676 llom.
967 3619 998 3671 ll.
1020 3620 1056 3672 11.
1073 3621 1135 3676 581.

330 3687 771 3831 tittblt‘tt'ttfftt
788 3683 1056 3831 &pmi-

333 3828 439 3901 reliqui
458 3825 591 3900 praadaa)
627 3828 703 3883 Hauc
729 3827 865 3884 librorum
889 3847 1012 3884 meorum
1036 3837 1066 3882 et
1082 3830 1191 3901 degent
1211 3829 1303 3882 lectioi

262 3900 390 3968 vulgatae
425 3899 553 3969 reliquae
582 3897 686 3952 dudum
715 3900 910 3967 praetulerunt
937 3901 1123 3972 vindingiua,
1150 3898 1303 3954 Obrccbiui

262 3972 392 4027 Waaaeua
410 3965 445 4018 ad
460 3967 526 4022 Sall
550 3968 608 4021 Cat.
664 4007 669 4022 .
689 3978 759 4028 extr.
780 3973 859 4028 Beria.
880 3971 984 4044 reliqui
1001 3973 1052 4046 qui
1067 3970 1200 4044 praedae.

332 4038 374 4093 ed
389 4037 507 4110 regiam)
543 4035 570 4088 8.
589 3985 662 4094 Gali
679 4055 742 4111 opp·
765 4043 901 4111 reginam.

333 4106 409 4183 quod
425 4109 480 4160 iam
498 4108 541 4161 Al.
559 4107 691 4180 abreptis)
727 4111 806 4168 aem.
825 4113 960 4184 quoniam
976 4114 1018 4166 At
1036 4115 1160 4184 ereptis,
1184 4127 1220 4164 m.
1243 4115 1296 4164 a‘ee

263 4183 358 4254 reptio.
376 4177 442 4231 Mox
466 4179 493 4231 S.
513 4177 584 4232 Gall.
606 4195 670 4248 opp.
687 4186 717 4233 et
731 4181 781 4233 Ed.
801 4181 886 4234 Priuc.
908 4185 1045 4252 eripiebat,

333 4249 522 4308 naimonem
534 4251 718 4322 ,preparation
755 4253 815 4308 icil.
835 4253 954 4314 navium.
977 4253 1040 4320 net,
1057 4268 1130 4328 quae
1148 4253 1250 4326 agitur,
1271 4269 1303 4306 mi
