2860 4688
456 413 551 465 estu
576 411 895 465 moriturisne
1055 413 1059 422 ’
1154 391 1223 464 tts

115 641 185 704 otu
208 623 413 702 secundum
436 649 507 702 suo
531 641 624 701 vote
645 629 874 726 proveniant,
899 621 1082 730 longeque
1103 623 1224 712 aliter,

116 767 242 848 neque
267 747 341 818 mei
363 741 522 818 similem
546 757 730 818 senectam
755 739 882 842 deget.

93 851 98 860 ⁴
223 859 348 938 XXII.
377 861 544 956 ,Interea
563 856 660 938 dum
685 857 782 934 haec
803 873 1088 948 commemorat,
1113 858 1224 966 paul·

123 977 240 1055 latim
273 975 406 1054 animo
440 974 605 1056 deficere
638 998 683 1052 ao
708 972 861 1054 dissolvi
895 975 1097 1068 membris,
1131 973 1224 1054 dein

118 1095 390 1174 obmutescere
415 1092 560 1200 occipit
567 1124 581 1186 ,-
605 1091 714 1200 quod
739 1093 1002 1201 spectaculum
1028 1091 1226 1196 longemi·

118 1213 331 1292 serrimum
356 1211 548 1305 omnibus,
573 1209 645 1318 qui
672 1227 769 1288 tuoe
793 1205 965 1302 aderant,
991 1206 1117 1288 dolori
1137 1209 1225 1287 tuit.

119 1327 232 1404 Dein
265 1323 537 1406 Andromacha
570 1326 753 1434 parrulos
785 1325 963 1404 Hectoris
996 1325 1097 1404 lilios
1132 1343 1225 1404 ante

118 1443 318 1524 Achillem
342 1445 572 1552 prosternit:
596 1443 679 1551 ipsa
703 1439 801 1522 fletu
822 1442 1061 1522 lamentabili
1089 1469 1222 1535 orans,
1284 1541 1290 1552 ¹

121 1559 187 1638 uti
212 1559 286 1640 sibi
313 1558 482 1640 cadaver
499 1559 675 1667 coniugis
699 1557 847 1638 intueri
880 1559 1010 1638 saltim
1040 1558 1224 1638 concede·

121 1693 247 1756 retur.
295 1681 405 1756 Inter
436 1675 533 1756 haec
561 1693 641 1756 tam
672 1673 888 1756 miseranda
921 1675 1095 1754 Phoenix
1131 1703 1223 1758 cum

121 1797 284 1874 Nestore
307 1797 509 1876 Priamum
541 1795 766 1885 sustollere,
798 1813 919 1900 atque
949 1795 1011 1873 uti
1044 1795 1224 1874 animum

122 1911 333 2018 reciperer,
366 1911 531 1991 hortari.
589 1915 692 1992 Tum
717 1938 785 1990 rex
808 1913 879 1990 uhi
905 1911 949 1990 in
975 1911 1226 2018 aliquantum

124 2027 268 2106 refovit
304 2028 506 2136 spiritum,
550 2031 664 2108 nixus
698 2029 861 2134 genibus
898 2047 1016 2136 atque
1055 2047 1225 2134 utraque

124 2171 248 2222 manu
265 2163 386 2254 caput
406 2145 609 2236 dilanians,
641 2145 717 2224 Ubi
738 2173 837 2225 auno
855 2147 922 2224 ttta
946 2163 1012 2235 est,
1037 2148 1103 2242 ait,
1128 2171 1225 2254 quoe

124 2261 230 2362 apud
250 2263 421 2342 Graecos
436 2269 638 2368 praecipue
655 2280 737 2340 eret
754 2263 1039 2342 misericordie?
1062 2289 1113 2344 tttt
1137 2269 1225 2342 iux·

126 2409 168 2470 to
191 2395 312 2472 solum
335 2395 530 2474 Priamum
555 2393 902 2474 circumscribitur?

226 2515 370 2626 XXIII·
421 2517 583 2620 Iamque
622 2515 804 2595 omnibus
847 2513 981 2595 dolore
1018 2516 1222 2622 permotis,

127 2625 308 2720 Achilles,
322 2629 513 2719 Decuisse,
539 2631 605 2718 ait,
619 2633 731 2732 filios
750 2657 833 2709 eum
858 2657 948 2710 suos
973 2637 1080 2708 initio
1099 2631 1149 2707 ab
1169 2659 1225 2718 eo,

125 2741 235 2848 quod
266 2743 500 2838 admiserim,
529 2747 708 2848 facinore
732 2745 927 2844 cohibere,
962 2772 1080 2854 neque
1105 2753 1225 2849 ipsum

123 2859 365 2937 concedendo
388 2867 485 2938 tonti
507 2861 638 2939 delicti
657 2867 880 2966 participem
896 2863 1004 2964 fieri.
1056 2862 1228 2939 Ceterum

122 2993 216 3054 ante
239 2975 282 3052 id
300 2977 519 3056 decennium
536 3003 612 3056 nou
633 2985 687 3056 ita
711 2979 901 3082 defessum
925 2995 1073 3058 senecta
1083 2977 1227 3082 fuisse,

124 3107 171 3170 ut
192 3097 275 3169 suis
301 3092 494 3196 despectui
528 3111 625 3175 esset
637 3127 650 3188 ;
688 3095 758 3172 sed
783 3094 975 3173 obsedisse
998 3101 1145 3181 animos
1168 3119 1230 3170 eo-

125 3233 212 3286 nott
234 3207 467 3290 desiderium
482 3235 608 3290 rerum
631 3212 862 3293 alienarum:
888 3236 1006 3316 neque
1028 3213 1078 3292 ob
1101 3212 1229 3290 mulie-

121 3417 404 3438 *-

195 3501 279 3563 ml.
311 3504 419 3575 ωἱιίιιι)
455 3503 497 3557 ita
515 3501 542 3556 S.
561 3499 634 3557 Gall.
652 3513 706 3554 tec.
724 3499 779 3565 nt,
805 3517 860 3624 pro
879 3505 985 3560 saltem.
1022 3503 1118 3560 eisd
1139 3506 1228 3564 1122.

121 3571 157 3628 t·
175 3589 252 3649 seqq.
280 3575 366 3630 verbu
389 3591 450 3630 οιιιιι
468 3575 585 3629 Nestore
605 3574 764 3626 exsultatu
781 3572 804 3626 lt
826 3574 863 3628 ris
879 3578 948 3632 tusis
966 3583 996 3631 et
1013 3575 1064 3632 lid.
1081 3577 1165 3632 Mers.
1185 3579 1228 3634 cf.

119 3643 252 3700 ΙΙΙεΙιι.
289 3647 363 3700 Beue
380 3646 430 3700 Ed.
449 3643 536 3700 Prius.
561 3645 685 3698 animum
702 3643 745 3698 ttti
762 3645 847 3716 reeip.

195 3716 297 3790 resciit
314 3715 455 3788 spiritum)
490 3714 568 3768 Libri
589 3715 643 3766 met
663 3722 692 3767 et
708 3712 758 3772 Ed.
775 3713 858 3769 Mese.
876 3713 1006 3774 revolvit.
1017 3731 1131 3788 proquo
1142 3721 1229 3792 Wop-

118 3783 202 3839 kens
220 3803 248 3856 p.
263 3789 306 3842 ot.
327 3787 388 3842 volt
405 3799 520 3842 revocat
535 3783 580 3840 vel
597 3785 746 3839 revocavit.
782 3783 837 3840 sest
855 3788 911 3842 MS.
930 3787 1013 3840 Porlr„
1030 3789 1104 3858 apud
1115 3791 1230 3843 Ouden-

118 3856 202 3926 dorp.
219 3855 254 3908 od
274 3857 354 3925 Apul.
372 3857 439 3912 stet.
458 3857 503 3912 tv.
521 3873 550 3926 p.
575 3857 626 3910 25²
646 3863 675 3908 et
693 3853 726 3912 V.
744 3870 770 3925 p.
790 3857 860 3926 ³84,
887 3858 1009 3930 itemque
1035 3857 1084 3912 Ed.
1110 3862 1183 3919 Crat.
1202 3869 1232 3915 rt

119 3925 192 3980 Obr.
220 3927 341 3998 mfioits
366 3925 442 3998 quod
466 3927 580 3982 verbum
606 3942 804 3996 nonuunquam
821 3929 852 3980 itt
871 3927 949 3981 MSS.
980 3933 1179 4000 corrumpitur.
1199 3939 1232 3984 ut

117 3995 205 4050 osta
221 3999 318 4083 umor.
339 3999 373 4052 ΙΙ.
395 4017 435 4070 ¹9·
457 4001 498 4058 15.
516 3997 656 4070 rufhvtrot
675 3995 705 4050 ia
723 3999 884 4054 resolveret.
903 3997 938 4084 ei.
957 3999 1072 4052 eneas.
1090 4019 1117 4072 p.
1136 4002 1206 4054 ΗΠ,

114 4086 279 4194 satit
292 4069 396 4195 titis
411 4071 514 4196 litt·
521 4067 672 4214 esst
695 4068 861 4198 {tituil
877 4067 977 4198 tte.
986 4071 1233 4198 5‘23‘2212'22‘22

112 4211 165 4268 rr.
184 4211 251 4264 sire.
290 4211 385 4265 Potior
400 4211 470 4264 mihi
485 4213 559 4266 visas
577 4219 620 4264 est
637 4208 686 4264 tto.
706 4209 772 4262 Obr.
792 4219 822 4265 et
839 4209 911 4270 Crat.
929 4225 1086 4267 muscosos.

192 4281 290 4342 xxttt,
327 4281 503 4356 admiserint)
537 4283 607 4336 Besa
625 4282 791 4344 amiserint.
810 4299 860 4353 pro
883 4283 987 4340 ommis.
1006 4285 1024 4337 l.
1043 4301 1067 4340 e.
1086 4284 1185 4340 admit.
