2860 4688
225 341 295 416 ¹64
607 359 724 412 mcsrs
748 357 926 410 cauimus

223 573 303 636 tam
330 573 492 648 noctem,
518 554 673 631 Aiacem
700 551 894 655 simulque
917 549 1105 628 Achillem
1129 549 1311 630 laudibus

222 674 561 776 celebrantesque
585 670 636 748 ad
660 671 811 747 coelum
836 673 980 746 ferunt.
1030 675 1080 746 At
1098 667 1202 774 apud
1219 672 1312 745 Tro·

206 791 313 883 iam,
338 791 408 867 ubi
433 789 584 892 requies
607 787 794 864 funerum
818 805 892 878 est,
924 814 1004 894 non
1031 787 1109 862 iam
1133 784 1245 862 dolor
1270 786 1314 864 iu

222 937 313 986 casu
337 907 571 997 Memnonis,
596 905 660 981 sed
687 924 812 982 metus
835 929 1006 982 summae
1032 931 1164 980 rerum
1186 921 1226 979 et
1249 903 1312 978 de·

221 1025 388 1131 speratis
423 1025 642 1100 incesserat:
680 1051 805 1128 quum
838 1022 932 1099 hinc
961 1019 1191 1125 Sarpedonis
1217 1022 1314 1098 inte·

224 1146 341 1234 ritus,
370 1141 468 1244 inde
504 1142 673 1218 insecuta
708 1141 841 1246 paullo
878 1157 962 1245 post
993 1139 1168 1218 Hectoris
1191 1138 1316 1216 clades

225 1286 307 1366 spes
332 1260 499 1364 reliquas
523 1260 662 1336 animis
685 1259 915 1335 abstulisset:
941 1283 1089 1360 neque,
1114 1256 1223 1360 quod
1249 1285 1316 1363 po-

223 1395 410 1454 stremum
429 1377 472 1451 in
489 1379 694 1452 Memnone
715 1375 873 1451 fortuna
896 1376 1100 1460 obtulerat,
1119 1375 1317 1480 reliquum

227 1495 305 1570 iam
326 1493 532 1568 exsisteret.
580 1497 637 1568 lta
663 1491 950 1570 confluentibus
970 1495 1013 1570 in
1030 1520 1156 1570 unum
1173 1511 1230 1570 tot
1250 1491 1317 1570 ad·

227 1610 352 1700 versis,
378 1637 514 1687 curam
539 1633 693 1686 omnem
718 1610 946 1712 exsurgendi
972 1611 1191 1690 omiserant.

325 1729 391 1805 tx.
442 1731 493 1804 At
518 1744 603 1831 post
626 1751 768 1832 paucos
792 1726 872 1805 dies
896 1730 1034 1806 Graeci
1060 1726 1238 1806 instructi
1258 1753 1319 1804 ar·

228 1844 301 1922 mis
326 1869 539 1950 processere
569 1845 614 1918 in
636 1871 832 1949 campum,
869 1846 1106 1930 lacessentes,
1140 1844 1172 1922 si
1202 1842 1318 1922 aude-

229 1977 334 2053 rent,
360 1957 411 2035 ad
434 1955 663 2034 bellandum
684 1962 877 2036 Troianos.
930 1961 1027 2060 Quis
1052 1959 1133 2037 dux
1155 1960 1319 2038 Alexan·

231 2075 302 2153 der
326 2102 416 2153 cum
441 2075 601 2179 reliquis
626 2075 810 2152 fratribus
829 2075 991 2152 militem
1010 2075 1176 2168 ordinat,
1201 2095 1322 2180 atquc

232 2191 435 2269 adversum
466 2191 600 2295 pergit.
651 2189 724 2265 Sed
756 2192 985 2296 priusquam
1014 2193 1131 2270 ferire
1156 2192 1260 2268 inter
1283 2217 1322 2270 se

233 2310 341 2401 acies,
366 2325 436 2385 aut
474 2308 547 2384 iaci
574 2307 649 2384 tela
674 2334 854 2416 coepere,
880 2310 1036 2387 barbari
1062 2309 1238 2388 desolatis
1262 2338 1324 2388 or·

235 2424 394 2502 dinibus
418 2423 549 2526 lugam
579 2423 749 2501 faciuntt
784 2427 958 2530 caesique
987 2455 1122 2506 eorum
1146 2427 1326 2534 plurimi,

237 2560 307 2620 aut
339 2542 383 2618 in
414 2540 563 2617 flumen
597 2553 786 2648 praeceps·
805 2542 903 2635 dati,
939 2573 1065 2650 quum
1090 2546 1184 2623 hinc
1207 2565 1327 2652 atque

240 2659 558 2764 inde-ingrueret
579 2659 707 2752 hostis,
732 2678 849 2766 atque
873 2663 1049 2767 undique
1066 2663 1216 2741 ademta
1236 2664 1330 2767 fuga

239 2793 344 2858 esset.
391 2778 504 2883 Capti
528 2776 645 2857 etiam
668 2780 822 2884 Lycaon
845 2797 884 2858 et
905 2783 1078 2873 Troilus,
1101 2783 1330 2875 Priamidae,

300 2967 437 3038 simulque
466 2963 544 3036 Aclr.)
579 2965 657 3018 Bern.
683 2977 768 3038 utque
795 2964 861 3020 Aclt.
899 2967 949 3027 Ed.
966 2969 1049 3024 Mero
1066 2970 1149 3025 simul
1168 2983 1259 3048 utque.
1297 2972 1330 3024 ln

243 3051 320 3108 seqq·
338 3038 412 3092 Crat.
431 3034 471 3088 ad
488 3036 591 3090 eoelum
615 3036 727 3090 tollunt.
762 3033 863 3090 Eadem
891 3055 926 3092 a:
943 3057 1019 3096 earu.
1050 3049 1079 3092 et
1103 3044 1143 3094 alc
1169 3045 1223 3111 legi
1250 3042 1331 3097 iubet

243 3107 418 3175 vindingius.
454 3105 509 3158 Sed
527 3121 549 3155 v.
569 3105 688 3157 Perizon.
710 3105 779 3157 Dias.
796 3105 817 3180 §.
837 3107 890 3159 XL.
909 3109 1009 3164 ad'lib.
1030 3112 1074 3162 111.
1096 3117 1138 3169 ss.
1174 3115 1223 3166 Ed.
1241 3115 1330 3168 Ptine.

245 3184 275 3228 et
292 3178 358 3230 obr-
376 3187 463 3230 mstus
481 3187 508 3230 et
526 3193 592 3226 sum.
611 3190 703 3228 rerum
729 3172 802 3247 desp.
839 3179 951 3232 Mediol.
978 3181 1110 3234 Obrechti
1129 3191 1159 3236 et
1175 3201 1234 3237 mea
1255 3185 1331 3239 cm,

244 3259 330 3301 ustas
347 3263 414 3299 sum.
431 3245 475 3298 rei
490 3257 517 3299 et
534 3242 607 3314 desp.
645 3244 672 3297 S.
694 3243 764 3296 Gall.
786 3263 839 3300 sec.
857 3249 902 3302 tx.
921 3259 949 3302 et
966 3251 1015 3304 lid.
1039 3253 1125 3308 Ptine.
1144 3253 1209 3310 inde
1226 3269 1331 3310 secura.

315 3315 487 3383 abstulisset)
521 3315 569 3368 Sin
589 3314 692 3367 ularem
709 3331 852 3372 numerum
869 3327 977 3374 servant
996 3321 1023 3376 S.
1043 3322 1114 3376 Gall.
1133 3341 1185 3380 sec.
1202 3325 1257 3391 tx,
1280 3325 1333 3379 Ed.

246 3387 332 3442 Ptine.
351 3394 381 3439 et
398 3385 464 3438 Obr.
483 3384 524 3437 Al.
552 3331 736 3439 adtulissent.
1264 3423 1267 3430 .

298 3465 350 3512 ‘ne
371 3473 404 3509 ue
423 3483 456 3498 -
472 3457 630 3520 exsisteret)
667 3457 832 3525 conspirant
848 3459 874 3517 S.
893 3459 964 3516 Gall,
982 3479 1035 3517 sec.
1054 3463 1108 3528 tx,
1131 3465 1180 3520 Ed.
1197 3466 1282 3519 Prior.
1302 3473 1335 3518 et

248 3526 333 3594 0br.;
351 3475 519 3596 laventque,
546 3541 636 3594 quse,
655 3543 670 3580 a
687 3526 835 3595 glossatore
845 3529 975 3584 videlicet
990 3535 1130 3602 prolecta,
1159 3535 1273 3606 legimus
1300 3537 1333 3590 iu

247 3597 296 3654 Ed.
323 3599 399 3662 crat,
425 3613 513 3672 neque
541 3593 618 3666 quod
631 3609 719 3667 postr.
734 3616 787 3670 per
802 3601 972 3656 Memnonem
981 3604 1106 3676 fortuna
1126 3609 1263 3662 auxilium
1280 3607 1334 3658 ob-

247 3670 368 3732 auterre,
386 3669 436 3722 rel.
454 3671 510 3720 iam
527 3685 570 3720 ex.
609 3667 640 3718 ln
659 3669 747 3730 Rern,
768 3669 794 3720 S.
819 3669 890 3723 Gall.
905 3691 967 3743 opp.
986 3682 1016 3726 et
1032 3675 1080 3731 Ed,
1100 3677 1182 3729 More,
1201 3687 1260 3732 οη,
1287 3690 1336 3730 ut·

246 3757 300 3814 Ψ
328 3737 368 3791 ‘d
388 3751 472 3810 ΡΜ·
491 3739 523 3790 ῖη
540 3737 639 3821 Μθῡζη
659 3753 740 3810 qvem
749 3741 821 3860 {orl-
841 3741 916 3806 obt,
940 3745 1080 3818 reliquum
1098 3749 1154 3800 iam
1171 3749 1214 3801 nil
1233 3747 1336 3820 (nitu)

247 3811 389 3867 miscere.
408 3808 482 3879 quod
490 3808 663 3878 amplectitur
680 3809 750 3878 Wop
771 3827 828 3862 ons.
845 3827 871 3880 p.
889 3814 930 3884 74.

292 3879 485 4005 Gomisersnt)
518 3881 614 3939 Bam..
638 3877 686 3932 Ed.
713 3878 811 3933 Duces.
835 3889 864 3935 et
886 3884 969 3938 Basil.
989 3889 1154 3958 posteriores
1172 3891 1335 3944 amiserant.

248 3968 273 4007 v·
330 3969 381 4004 ors.

321 4021 364 4074 tx.
403 4021 471 4089 Quis
488 4017 556 4090 dux)
591 4021 672 4074 Rern.
689 4026 718 4070 et
735 4018 783 4073 Et.
803 4019 884 4075 llere.
905 4027 996 4091 Quoia.

318 4089 451 4146 &solatis
460 4087 617 4156 ordinibus)
634 4088 683 4148 Ed.
691 4089 735 4143 Ob
740 4107 761 4149 r.
772 4099 800 4144 et
810 4091 878 4145 Crat.
889 4100 997 4150 solutis.
1007 4112 1022 4146 n
1034 4103 1194 4150 correctore.
1204 4111 1229 4147 v.
1240 4093 1334 4155 Gloss.

248 4247 266 4286 v
289 4178 449 4284 Gssresceps
466 4160 542 4232 dati)
575 4159 623 4214 ud.
645 4158 708 4220 Obr.
727 4166 902 4234 praecipius.
922 4169 1004 4237 attam
1023 4165 1077 4221 hoc
1100 4182 1134 4222 ex
1156 4167 1337 4226 correctione.
