2762 4684
366 385 633 440 oncmvsnouus
657 387 696 438 iu
719 387 784 439 nin.
812 389 861 440 vi.
1082 369 1154 444 495

66 577 156 659 mmo)
189 574 339 638 oonthm
369 597 399 638 v.
430 575 480 653 45.
511 577 631 660 nuptias
660 577 714 638 lias
734 587 822 639 vocat
852 577 937 639 θεῶν
966 576 1084 650 duitor.
1106 577 1155 654 Cf.
1211 593 1216 608 '

71 677 178 742 Gloss.

155 776 245 842 Vlll.
287 775 448 861 Septicdimi
467 777 570 855 littus,
585 777 670 862 quod
686 785 760 854 cet.)
803 775 910 838 Schol.
931 777 1074 861 Apollon.
1091 777 1155 840 Ar·

67 897 148 958 gon.
175 875 201 940 1.
230 874 301 938 582.
333 869 454 955 Σηπιὰς
482 869 677 956 ἀκρωτήριον
703 873 893 958 Μυγυησιοις
917 869 1000 940 οὕτω
1023 877 1154 959 κληθὲν,

68 967 163 1056 datii
192 971 282 1046 Θέτις
317 973 385 1036 ἐκεῖ
397 971 444 1052 τίς
471 973 586 1054 σηπίαν
604 969 856 1056 μετεμορφώθη,
879 974 1072 1058 διωκουμίυη
1090 971 1153 1039 dud

68 1074 132 1136 τοῦ
156 1072 303 1154 Πηλέως.
343 1072 390 1138 Cs.
412 1082 477 1134 not.
501 1093 545 1134 cr.

157 1171 207 1232 Ibi
232 1170 330 1234 Peleo
350 1205 397 1251 ··.
417 1174 532 1256 reperit
557 1173 741 1236 occultatum
768 1175 927 1260 spelunca)
980 1177 1025 1238 Er
1043 1177 1153 1262 Eurip.

71 1270 223 1332 Androm.
259 1271 348 1335 1265.
379 1270 432 1332 uhi
462 1270 567 1333 Thetis
599 1273 638 1334 ad
672 1272 817 1336 Pcloumt
849 1273 985 1346 παλαιᾶς
1002 1273 1154 1355 χοιράδος

71 1375 178 1432 κοίλου
209 1366 314 1450 μυχὸν
339 1367 497 1452 Σηπιάδος
532 1391 614 1437 tou.
644 1371 799 1435 Ounrcur.
848 1373 894 1436 Ex
916 1375 1031 1458 Augiue
1052 1377 1154 1438 Nostis

70 1468 134 1531 hoc
153 1491 237 1549 esso,
266 1473 331 1532 voci
354 1467 520 1534 similem
542 1493 577 1533 ex
596 1471 710 1534 ultimis
730 1473 833 1535 Procli
857 1475 980 1554 verbis,
1002 1497 1079 1560 quae
1111 1477 1152 1542 ad

70 1589 138 1654 cop.
158 1591 190 1651 7·
211 1569 435 1653 descripsimus.

157 1669 212 1732 lX.
252 1671 388 1750 Mereor,
404 1672 459 1755 qui
468 1672 618 1756 captivus)
640 1670 685 1732 At
704 1669 758 1734 tib.
783 1673 822 1742 ll.
844 1672 894 1754 [13.
915 1673 999 1736 hunc
1019 1677 1152 1741 occisum

71 1769 213 1829 narravit
231 1769 354 1852 Dictys,
376 1771 461 1830 cuius
480 1771 524 1830 rei
545 1771 594 1830 hio
614 1769 674 1832 loci
693 1773 851 1835 immemor
873 1785 930 1837 est.

155 1867 194 1928 X.
235 1881 370 1929 matema
384 1871 504 1929 uomina
519 1866 697 1950 Homerum)
728 1869 882 1934 Auroram
903 1883 1031 1934 matrem
1053 1875 1153 1936 nomi-

73 1975 129 2028 nat
148 1967 204 2028 lv.
227 1965 258 2046 4.
311 1967 369 2028 Hic
391 1967 552 2028 Homerum
573 1978 684 2048 vocat,
706 1989 801 2052 acque
821 1991 857 2034 ac
873 1971 994 2034 Ttetzes
1021 1971 1060 2034 ad
1089 1973 1153 2056 Ly-

73 2065 182 2148 cophr.
219 2067 276 2146 ¹83
306 2066 345 2127 de
372 2087 435 2148 quo
457 2087 555 2150 porro
576 2066 738 2150 loquendi,
758 2072 833 2153 quin
854 2080 956 2133 tamen
980 2071 1043 2156 ipsa
1064 2072 1155 2135 dillh«

72 2177 121 2227 rot
141 2169 246 2245 notio,
268 2166 439 2228 discrimine
454 2166 518 2227 vid.
532 2166 664 2228 Crouzcr
680 2168 784 2251 Symh.
799 2168 863 2231 und
883 2168 1010 2253 Mythol.
1031 2170 1102 2238 Thl.
1123 2175 1149 2234 l.

72 2291 105 2350 p.
126 2263 196 2346 454.
217 2275 282 2327 not.
305 2264 377 2334 218.
420 2265 544 2326 Himera
567 2285 620 2326 sau
644 2265 774 2328 Homero
798 2287 885 2330 soror
903 2269 974 2331 licta
995 2289 1030 2330 ex
1051 2279 1153 2334 matrs

70 2366 209 2442 Aurora,
231 2386 266 2426 ex
286 2387 345 2448 qua
366 2363 432 2430 soil.
452 2366 549 2424 oritur
573 2363 656 2439 dies,
678 2364 793 2426 Graeco
818 2361 933 2446 ἡμέρα.

157 2465 205 2527 ad
216 2461 452 2547 iaucau'gandum
468 2463 608 2524 cadauer
618 2497 660 2512 -
668 2465 824 2550 prosecta)
868 2463 951 2526 Haec
971 2463 1080 2549 legenti
1101 2469 1153 2530 cui

76 2565 108 2625 in
137 2575 269 2626 montom
301 2584 364 2624 uon
394 2563 513 2624 venerit
540 2559 645 2622 sabula
677 2559 716 2621 de
738 2561 818 2623 lsidc
848 2560 1049 2645 Aegyptiam,
1073 2585 1155 2648 quas
1250 2609 1254 2622 .
1376 2595 1377 2606 ι

73 2653 208 2724 Osiridis
231 2663 277 2724 sni
303 2661 435 2724 cadaver
463 2680 550 2722 aicae
587 2657 738 2721 inclusum
770 2670 802 2722 et
830 2661 863 2720 in
890 2681 975 2722 maro
1001 2663 1153 2726 obiectum

74 2762 254 2842 investigat,
275 2758 412 2842 illudque
430 2757 470 2821 ad
490 2757 620 2842 Byblum
638 2757 825 2821 Phoenicius
846 2758 980 2822 delatum
1002 2780 1020 2822 a
1044 2763 1153 2845 regino

74 2859 164 2920 huius
188 2859 274 2920 urbis
303 2859 433 2941 recipit?
480 2855 600 2920 Fabula
630 2867 675 2920 est
706 2878 755 2941 ap.
775 2857 934 2924 Plutarch.
970 2859 1009 2922 dc
1030 2862 1102 2928 lsid.
1121 2873 1153 2926 ct

75 2959 159 3020 Osir.
179 2957 218 3024 T.
238 2957 309 3019 Vll.
331 2979 362 3040 p.
387 2953 458 3037 404.
477 2955 580 3018 Raisk.
623 2956 857 3020 Similitudinum
876 2958 956 3022 hano
977 2959 1037 3022 iam
1064 2975 1153 3028 nota·

76 3067 150 3118 runt
171 3053 275 3118 lacoba
296 3054 363 3118 loco
377 3057 410 3116 in
430 3065 494 3122 not.
516 3077 558 3120 cr.
581 3055 704 3117 laudato
731 3079 761 3139 p.
778 3056 809 3138 4,
829 3069 892 3122 not
913 3061 944 3126 3.
966 3069 997 3122 et
1018 3061 1155 3126 Crmzcr

74 3151 201 3238 Mythol.
219 3155 286 3218 und
306 3154 412 3239 Symb.
433 3151 508 3214 Thl.
531 3156 568 3215 11.
590 3149 622 3236 p.
642 3155 716 3232 456.

154 3255 198 3316 ad
211 3255 362 3336 rugiorum
381 3254 447 3314 cius
459 3251 630 3316 Palliocliin
647 3255 778 3333 nominc)
819 3253 968 3340 Ignorant
988 3260 1153 3344 geographi

76 3352 166 3416 talem
188 3353 370 3416 Phoenicius
391 3351 558 3436 regionem.
597 3353 719 3416 Tzataas
742 3353 773 3416 in
794 3355 887 3422 schol.
908 3356 949 3417 ad
965 3357 1154 3440 Pontum.

74 3453 112 3514 de
134 3456 296 3516 Memnona
323 3453 366 3514 sic
393 3449 520 3513 scribit:
553 3448 779 3529 ἀποκομισθεὶς
811 3449 916 3516 οἴκαδε
937 3450 1042 3538 ἐτάφη
1063 3453 1151 3540 παρὰ

74 3546 213 3634 Βὴλτιιου
232 3547 373 3632 ποταμὸν
396 3551 533 3630 Συρίοις,
552 3549 606 3612 sai
632 3549 858 3634 ἐπιγέγραπται
877 3551 964 3640 otispi
986 3547 1072 3624 τάδε.

170 3649 314 3730 Μέμνων
335 3641 480 3713 Taurino
500 3667 536 3711 sa
555 3643 611 3711 ιιοί
621 3643 718 3722 Ἠοῦς
746 3645 862 3714 Suasa
881 3657 990 3730 κεῖμαι

169 3747 215 3812 Ἐν
235 3749 335 3835 Συρίη
356 3741 467 3830 Βήλου
489 3747 564 3829 παρ’
585 3746 729 3826 ποτοιμοῦ
747 3755 948 3830 προχοοϊοιυ.
1099 3745 1104 3756 ’

74 3848 125 3911 Sic
144 3871 249 3912 versus
273 3848 457 3912 exhibentur
477 3847 508 3909 in
530 3844 657 3912 Anthol.
680 3846 810 3916 Palatio.
858 3849 1049 3930 Simonides,
1074 3861 1154 3919 testo

74 3949 172 4017 Strah.
191 3947 261 4016 XV.
283 3969 313 4032 p.
335 3947 414 4029 500,
441 3947 638 4010 Memnonem
658 3946 810 4030 sepultum
830 3949 940 4010 occinit
959 3953 1039 4012 circa
1059 3945 1155 4014 Πάλ-

72 4069 124 4111 του
141 4048 198 4130 τῆς
224 4049 345 4131 Συρίας
375 4041 464 4128 παρὰ
496 4036 608 4108 Badais
630 4043 694 4123 (dl.
725 4047 813 4108 MSS.
843 4043 983 4127 Badais,
1003 4051 1153 4132 navtur,

75 4151 220 4230 Βουδόυ)
250 4144 401 4228 ποταμόν.
453 4145 594 4230 losephus
616 4149 652 4213 B.
667 4147 737 4208 lud.
756 4151 793 4210 ll.
820 4169 865 4214 ιο.
879 4149 1011 4212 scribit:
1032 4153 1096 4213 Τοῦ
1118 4152 1156 4218 di

74 4239 189 4325 ιῖοτειος
219 4247 437 4333 (Ptolnnaidis)
467 4237 527 4308 ἃπὸ
551 4239 762 4308 clamantur
784 4237 1011 4329 ὁκαλούμενος
1032 4245 1155 4334 Britai-
