2612 4690
290 389 561 446 onemmrtores
590 393 628 446 m
652 393 716 445 err.
740 391 776 444 n
1006 367 1080 443 473

5 631 15 650 .
45 583 160 646 non.
183 581 246 646 od.
265 579 321 649 Xl.
343 577 417 660 546.
447 577 561 653 παῖδες
582 572 700 662 Tpciror
719 587 750 642 et
769 579 919 642 Minerva.
961 577 1079 642 Minar-

6 705 24 744 e
51 703 129 764 ope
149 681 269 744 Ulixem
290 683 447 744 victoriam
467 680 609 762 adeptum
638 701 703 742 esse
721 683 828 742 cecinit
847 677 992 742 Lesclres.
1031 679 1083 741 De

6 805 17 842 s
42 781 266 842 consulendus
285 791 330 841 est
349 778 497 844 Welcler
516 779 627 840 Rhein.
647 780 728 846 Mus.
749 779 787 844 Τ.
813 780 867 846 111.
884 799 914 860 p.
933 776 973 856 54
993 797 1058 860 sqq.

63 881 150 941 XV.
191 878 291 940 studio
308 882 457 964 inpones
477 876 641 958 ‹Usoednntl
692 879 733 942 ut
753 880 854 941 omnia
874 899 924 941 me
944 877 1079 956 fallunt,

6 979 158 1064 pemeus
176 962 290 1060 parum
323 979 419 1039 nimo
447 978 601 1040 ennete
618 977 736 1056 mu..
763 977 876 1062 parem
895 976 1075 1060 negligentia

6 1101 98 1142 ,rum
123 1081 254 1154 seriem
274 1097 350 1160 ques
369 1077 476 1162 Dictys
494 1077 610 1160 prolixe
636 1079 795 1160 exposuit,
815 1097 876 1141 non
896 1079 968 1138 setis
989 1088 1078 1137 cente
1211 1100 1214 1106 ·
1297 1125 1298 1132 ,

6 1191 116 1240 cutus
130 1187 189 1240 est.
212 1178 319 1260 Dictys
341 1178 383 1238 its
402 1181 549 1253 narravit,
571 1178 698 1258 opinor:
720 1179 827 1258 „Cum
842 1173 947 1238 multis
970 1176 1075 1237 verbis

8 1291 64 1338 ter
101 1287 270 1359 utrumque
297 1279 526 1358 competitorem
554 1275 728 1360 iudicesque
762 1296 811 1339 res
837 1285 905 1336 ecte
927 1285 1026 1352 esset,
1047 1283 1079 1334 et

6 1397 155 1458 esperare
182 1377 345 1458 coepisset,
373 1375 497 1437 tendere
524 1377 623 1438 visum
642 1386 687 1437 est
714 1373 885 1454 iudicibus,
904 1371 1077 1435 Palladium

6 1477 67 1536 >ud
78 1474 268 1536 Diomedem
291 1473 462 1556 deponere:
483 1476 607 1557 utrique
625 1475 748 1536 iuterim
766 1472 1001 1557 quiescendum,
1022 1469 1079 1532 do·
1169 1497 1176 1514 ·

6 1597 39 1635 cc
62 1575 212 1658 proximo
242 1593 330 1635 mene
357 1573 591 1650 decerneretur,
620 1575 670 1636 eui
690 1574 884 1657 promeritis
903 1570 1076 1635 Palladium

6 1676 199 1735 ibueretur.
241 1675 347 1755 ltaque
370 1671 502 1734 offensus
521 1673 624 1749 Ulixi,
657 1674 872 1757 Agamemnoni
888 1682 920 1734 et
938 1669 1079 1732 Diomedi

6 1776 63 1834 ian
87 1777 127 1834 in
157 1772 324 1834 tentorium
351 1791 441 1837 suum
461 1793 493 1833 ne
513 1774 645 1854 recepit:
673 1772 726 1834 ubi
748 1791 805 1854 per
823 1781 944 1834 noctem
961 1772 1078 1832 occisus

6 1882 45 1930 st.
71 1871 256 1953 Suspicione
272 1873 331 1952 per'
345 1872 510 1932 exercitum
530 1885 619 1946 orte,
642 1870 682 1932 ab
701 1871 792 1932 Ulixe
811 1871 890 1932 olem
909 1891 980 1934 eum
1000 1871 1081 1932 ceei-

9 1973 83 2050 isse‚
107 1970 209 2032 Aiacis
222 1980 260 2032 'et
281 1968 393 2050 Pyrrhi
412 1972 563 2030 exercitus
582 1971 740 2032 adversum
764 1969 887 2031 Ulixem
909 1972 1082 2032 insurrexe-

9 2082 89 2144 unt,
116 2089 186 2130 eum
208 2069 416 2130 interfecturi.
458 2069 538 2129 Tum
560 2069 686 2149 Ulixes,
716 2067 823 2133 offensi
845 2071 996 2130 exercitus
1016 2071 1079 2131 vim

6 2171 134 2244 exitus,
154 2166 232 2230 clem
254 2170 401 2228 lamecum
422 2167 574 2249 nusngit.“
598 2166 738 2243 Mulelae‚
761 2167 892 2229 Cedreni
913 2180 944 2229 et
958 2167 1083 2248 scidae,

6 2265 45 2346 [ui
67 2269 106 2326 in
134 2275 200 2328 tote
236 2266 339 2328 sabula
360 2266 480 2348 Dictyis
500 2264 628 2347 vestigia
659 2285 759 2348 presse
778 2264 875 2326 secuti
894 2274 989 2342 suut,
1006 2287 1081 2327 eon·

6 2385 103 2427 ensus
136 2367 202 2426 veri
230 2364 417 2426 simillimam
449 2361 701 2426 efficiuntmeam
726 2365 922 2446 opinionem
944 2383 1021 2447 quse
1043 2385 1080 2426 ex
1134 2353 1138 2359 ⁴

7 2485 59 2542 pso
88 2463 241 2546 Septimio
276 2464 491 2539 confirmatur,
527 2471 661 2544 ponente
686 2461 727 2523 sd
755 2461 869 2524 calcem
894 2463 988 2525 huiur
1016 2483 1084 2546 cap.

6 2562 122 2625 verbe:
147 2563 297 2646 atquer'ta
321 2561 503 2624 Palladium
519 2560 610 2646 apud
627 2561 808 2624 Diomedem
828 2573 938 2624 ammt-
978 2561 1080 2624 Nesus

6 2659 64 2720 icil.
86 2659 295 2737 desideretur,
316 2663 369 2744 qui
388 2659 559 2739 exMekln,
581 2660 722 2722 Cedreno
742 2671 773 2720 et
789 2658 885 2721 Suida
906 2659 1082 2741 adiuvetur,

6 2755 190 2837 dicentibus,
213 2763 312 2822 noctis
333 2761 510 2824 interventu
531 2759 644 2823 iudicio
666 2757 795 2822 diremto
809 2757 982 2820 Palladium
1002 2760 1084 2842 apud

6 2855 184 2922 Diomedem
217 2859 390 2942 depositum
421 2881 495 2922 esse.
549 2861 593 2920 lte
615 2866 752 2920 statuere
772 2877 822 2922 me
841 2868 980 2921 coactum
998 2859 1088 2939 vidi,

6 2953 73 3020 licet
100 2979 173 3020 cum
194 2959 338 3041 Septimio
366 2957 454 3041 plene
484 2956 647 3020 conveniet
678 2957 827 3019 Henricus
856 2959 1021 3044 Bruusrig.
1044 2993 1085 3012 «-

6 3053 201 3136 Cyclieorum
223 3057 437 3122 nobilissimam
461 3055 500 3118 de
513 3057 610 3122 Aiacis
630 3064 731 3118 morte
751 3055 898 3135 fabulum,
922 3079 1000 3142 ques
1020 3069 1089 3142 post

6 3151 142 3218 Leschen
163 3157 228 3220 fuse
250 3150 373 3220 canitur
394 3178 413 3217 e
433 3157 551 3235 Quinto
576 3155 633 3216 lib.
654 3155 694 3222 V.
714 3157 936 3240 maximamque
955 3157 1086 3222 celebri-

6 3262 98 3318 tatem
129 3255 287 3340 Sophoclis
319 3256 477 3340 tragoedia
504 3265 593 3318 nnete
622 3265 668 3318 est
680 3297 691 3332 ,
725 3277 849 3338 prorsus
874 3257 1009 3321 deseruit
1028 3261 1086 3321 Di·

7 3363 87 3436 clys,
110 3356 202 3419 eilens
226 3357 374 3418 insaniem
394 3357 435 3418 ob
458 3355 581 3418 virtutis
602 3356 794 3418 iactationem
816 3377 834 3420 s
854 3360 992 3420 Minerva
1012 3360 1087 3420 sia-

9 3452 34 3509 εἰ
55 3453 223 3518 immineam
244 3458 368 3540 iraeque
401 3455 570 3518 aducibue
592 3456 624 3514 in
647 3458 751 3516 evium
772 3477 894 3540 gregem
914 3458 1089 3520 conversio-

12 3538 98 3629 nem,
135 3564 227 3638 etque
257 3557 379 3618 caedem
400 3557 497 3618 Aiacis
527 3554 557 3616 in
583 3551 698 3616 Ulixem
727 3555 897 3619 conserens.
940 3555 1092 3618 lnseninm

11 3652 130 3728 quidem
152 3656 309 3738 gregisque
325 3659 521 3718 vastationem
543 3656 683 3738 ignorant
702 3657 792 3719 etiem
812 3655 864 3716 alii
882 3655 1091 3740 antiquissimi.

12 3767 40 3808 v·
61 3755 207 3817 Welcler
232 3756 253 3820 l.
274 3755 296 3817 l.
318 3777 350 3838 p.
373 3755 423 3839 57.
444 3757 482 3822 cf.
503 3755 555 3817 51.
597 3757 696 3836 litque
724 3755 763 3818 ab
783 3753 876 3817 Ulixe
896 3755 1020 3818 Aiacem
1040 3758 1092 3817 in-

14 3852 172 3916 tersectum
203 3876 266 3918 esse
286 3867 407 3938 praeter
427 3864 569 3918 nostrum
592 3853 648 3918 lib.
671 3853 725 3920 v1.
751 3853 783 3916 5.
808 3853 885 3915 dicit
905 3858 994 3916 etiem
1015 3855 1091 3916 Phi·

14 3943 96 4016 lostr.
125 3955 201 4016 llcr.
227 3956 282 4021 xl.
304 3978 332 4038 p.
367 3976 436 4036 ⁷²0·
455 3955 587 4018 rhetoris
615 3953 784 4036 exemplum
812 3963 944 4037 uterque
977 3957 1092 4035 pariter

15 4060 149 4114 sectatus.
172 4075 204 4114 v.
226 4054 371 4120 Welcler
391 4056 413 4116 l.
438 4055 458 4122 l.
478 4078 509 4138 p.
525 4055 577 4139 59.
595 4064 659 4119 not.
679 4055 730 4118 52.
749 4084 793 4100 -
812 4055 846 4116 in
860 4055 961 4116 modio
978 4054 1111 4115 exani.

17 4157 98 4228 mem)
120 4151 151 4214 in
173 4153 250 4220 lecto
270 4177 325 4218 suo
344 4155 541 4218 interiectum
564 4163 597 4218 et
616 4151 706 4216 valde
725 4154 892 4216 concisum.
906 4153 1090 4222 Henric.l.l.

93 4250 311 4340 Neoptolemus)
363 4255 424 4334 Qui
460 4253 525 4319 eeil.
546 4255 587 4316 eb
605 4252 711 4322 Aiacis
731 4251 856 4318 caedem
876 4255 1003 4318 maxime
1023 4273 1090 4316 om·
