2762 4684
378 407 649 466 cusentinorum
675 413 712 464 ιιι
737 413 802 463 ιιι.
827 414 876 464 n.
955 401 959 412 '
1091 388 1160 466 tus

74 597 182 662 dinc?
230 597 328 672 Silent
354 597 415 662 tale
443 599 561 662 facinus
580 599 705 662 hlalelas
735 609 767 664 et
782 599 961 680 cedrenus,
982 599 1075 664 silent
1095 585 1172 662 llo·¹

75 719 209 775 eneam,
244 698 382 782 Hyginus
410 699 473 766 iah.
513 695 581 762 225.
620 707 651 760 et
669 700 790 762 Tzetzes
808 699 848 762 ad
869 701 944 785 Lyc.
965 699 1050 780 8183
1072 698 1165 761 silent

76 801 175 860 wem
205 797 348 860 Tibullus
371 797 425 858 lV.
454 817 482 860 s.
504 799 557 865 du.
578 807 611 860 ct
630 799 804 881 Propertius
826 800 885 862 lll.
915 820 965 862 ra.
988 797 1046 880 ²53
1073 809 1165 882 atque
1284 819 1286 828 ·

78 919 204 972 omnes,
229 900 282 980 qui
305 897 344 960 de
365 897 466 960 Ulixis
486 897 650 962 erroribus
671 901 865 981 scripserunt.
907 897 1031 960 hlaleles
1051 906 1083 960 et
1106 897 1167 960 Ca·

80 997 199 1060 drenus
218 997 295 1059 illud
316 998 499 1075 omiecmnt,
520 998 592 1080 quia
620 999 760 1060 nonnisi
782 1001 953 1060 orationem
975 998 1092 1081 Dictyis
1111 1019 1165 1060 re-

79 1105 266 1178 spexerunt,
290 1095 450 1180 neglectis,
474 1115 551 1178 quse
583 1099 669 1179 quasi
690 1097 856 1180 praefando
876 1097 983 1180 Dictys
1001 1095 1174 1179 praemiss·-

79 1203 154 1276 τοῖς
175 1195 331 1257 retinume
349 1203 452 1258 autem
472 1185 635 1278 Septimius
657 1207 687 1260 ct
709 1197 883 1270 flenricus,
913 1197 1089 1282 Dictyisque
1109 1215 1162 1256 ex-

81 1293 186 1377 emplo
206 1315 261 1370 ea,
282 1314 360 1378 quae
381 1295 667 1377 praeeminuerunt,
698 1299 728 1358 in
749 1297 812 1379 ipsa
830 1299 968 1360 oratione
989 1317 1051 1358 non
1072 1316 1162 1378 repe-

81 1395 248 1474 tiverunt3
278 1394 361 1456 unde
394 1395 525 1476 factum,
555 1407 591 1458 ut
619 1399 651 1458 in
672 1395 772 1460 Ulixis
800 1399 937 1460 oratione
956 1417 990 1460 ex
1012 1394 1112 1480 Scylla
1132 1403 1164 1457 et

79 1493 240 1576 Charybdi
260 1491 405 1557 liberatus
427 1497 460 1557 iu
472 1495 664 1558 Phoenicum
686 1517 795 1558 manus
815 1496 970 1560 devenisse
989 1496 1095 1560 Ulixes
1114 1493 1162 1556 vi·

79 1591 214 1671 dentur,
236 1613 306 1656 cum
329 1603 458 1673 contra,
493 1605 529 1656 ut
548 1594 600 1658 vel
620 1617 654 1658 ex
676 1596 808 1658 ilenrico
828 1605 929 1679 patet,
952 1617 987 1656 ex
1008 1593 1108 1678 Scylla
1130 1603 1163 1656 et

80 1691 260 1777 Charybdi,
281 1692 418 1776 plurimis
435 1695 552 1756 emissis
571 1695 701 1758 navibus
721 1715 790 1758 cum
809 1695 920 1770 sociis,
940 1714 1011 1756 cum
1031 1691 1162 1756 residuis

80 1791 255 1856 Telamonis
291 1793 352 1870 (vel
373 1793 480 1856 Aiacis
500 1795 646 1856 comitum
668 1791 857 1878 Naupliique)
877 1795 1001 1857 iusidias
1020 1794 1164 1856 incurre-

81 1897 147 1972 rit,
167 1905 199 1956 et
230 1893 321 1956 huius
343 1915 466 1978 quoquc
496 1895 674 1956 emanihus
694 1892 863 1970 liberatus,
883 1893 1085 1976 omnibusque
1107 1891 1164 1955 de-

79 1995 225 2078 perditis,
247 1997 279 2058 in
303 1995 492 2058 Phoenicum
511 2015 619 2056 manus
640 1996 834 2076 pervenerit,
860 1997 1022 2077 quicum,
1043 1991 1160 2056 duabus

81 2095 227 2156 donatum
252 2093 400 2170 unvihus,
430 2093 470 2156 ad
489 2092 688 2156 idomeneum
722 2093 916 2160 dimiserunt.
957 2092 1062 2175 Atque
1081 2091 1157 2154 hacc

78 2193 203 2256 videtur
220 2193 315 2256 inissa
336 2213 421 2256 mens
439 2193 583 2277 Dictyis,
602 2213 694 2274 quam
711 2204 814 2256 autent
835 2203 867 2254 ct
884 2195 950 2273 ipse
967 2194 998 2254 in
1019 2193 1160 2254 omtiuno

79 2292 178 2355 Ulixis
196 2295 373 2355 animonon
387 2293 531 2372 retinuit3
552 2290 633 2352 unde
652 2291 778 2369 lectum,
799 2297 836 2354 ut
856 2299 1020 2354 sectatores
1040 2309 1164 2374 quoque

79 2374 194 2454 malum
214 2413 316 2456 rernm
326 2393 466 2454 ordinem
490 2390 586 2452 secuti
606 2392 679 2468 sint,
697 2405 828 2471 quorum
849 2388 901 2451 alii
921 2411 957 2454 es
980 2409 1064 2452 more
1083 2387 1163 2452 nihil

80 2513 143 2554 non
174 2491 367 2556 admiscuisse
395 2491 544 2554 videntur
567 2489 669 2552 alieni.
701 2521 742 2536 -
763 2489 819 2550 Vis
840 2487 1036 2568 Telamonis,
1066 2489 1163 2572 patris
1270 2561 1277 2576 ·

80 2593 201 2673 Aiacis,
231 2593 353 2654 videtur
388 2590 557 2653 deformata
576 2607 640 2650 esse
659 2609 695 2650 ex
713 2597 785 2649 notu
805 2585 927 2663 subula,
950 2609 1011 2672 qua
1030 2585 1162 2650 Acldllis

79 2711 187 2768 arma,
210 2711 291 2773 quae
323 2687 408 2752 Ulixi
445 2687 619 2750 adiudicata
646 2685 786 2760 litarent,
822 2687 853 2748 in
884 2685 977 2750 huius
998 2685 1161 2748 cruoribus

80 2789 235 2875 naufragio
257 2789 383 2872 perdita,
408 2786 449 2850 ad
471 2785 666 2870 sepulchrum
688 2784 810 2864 Aiacis,
834 2784 960 2869 legitimi
981 2786 1067 2872 quusi
1088 2805 1160 2869 pos·

78 2891 224 2967 smsoris,
245 2909 263 2950 a
284 2889 376 2949 meris
395 2885 537 2948 fluctibus
555 2883 656 2949 delate
676 2883 833 2952 feruntur.

158 2987 208 3051 ad
226 2987 401 3062 Alcinoum)
447 2985 586 3048 Aehuacr
615 2993 746 3048 vocatur
774 2984 815 3048 ab
844 2983 980 3048 ilenrico
1007 2983 1031 3046 l.
1054 2983 1099 3060 1.‚
1119 2983 1161 3047 ad

78 3108 169 3173 quem
202 3107 327 3170 regem,
354 3085 477 3148 Ulixem
503 3083 609 3148 videre
637 3083 829 3166 cupientem,
857 3094 893 3148 ut
914 3083 965 3146 hic
984 3083 1161 3166 navigaret,

77 3187 163 3272 petiit
191 3186 381 3248 idomeneus.
412 3183 607 3247 -Nomine
628 3181 864 3247 Acitnoralihi
891 3185 925 3246 in
944 3181 1070 3248 chrici
1092 3181 1162 3248 MS.

76 3287 263 3371 significatur
281 3286 431 3349 Amenda.

157 3385 215 3452 Vl.
255 3385 417 3468 oogmscit)
472 3381 677 3446 thuanaeo
702 3382 777 3446 haec
798 3381 964 3466 comperit,
985 3403 1056 3445 cum
1075 3384 1159 3465 iam,

77 3505 160 3547 novo
188 3485 351 3569 naufragio
380 3485 424 3544 ira
453 3481 590 3565 Neptuni
611 3481 714 3557 facto,
746 3481 881 3544 lthecum
904 3481 1045 3544 venisset.
1069 3483 1161 3550 Ηοιιι.

76 3585 138 3646 Od.
158 3585 231 3646 XV.
254 3583 336 3662 5463
360 3583 473 3665 Hygin.
501 3579 569 3647 126.
591 3611 633 3630 ·-
653 3581 695 3643 ab
710 3583 834 3662 mptna
853 3615 893 3630 -
915 3581 1011 3663 viris)
1031 3581 1159 3644 hmbie·

74 3685 149 3747 hant
168 3682 349 3768 Penelopen
370 3703 405 3744 ex
425 3681 570 3744 Dulichio
591 3679 653 3742 viri
683 3681 924 3764 quinquaginta,
947 3702 984 3742 ex
1003 3680 1093 3742 Same
1108 3681 1158 3742 vi·

75 3783 150 3866 ginti
170 3791 315 3866 ςιιιιιιιοι,
337 3803 372 3843 ex
382 3781 542 3864 Zacyntho
561 3780 681 3862 viginti,
702 3780 861 3842 duodecim
883 3801 918 3840 ex
930 3779 1046 3842 ithaca.
1070 3779 1160 3847 llum.

74 3883 137 3944 Od.
158 3881 246 3945 XVl.
269 3881 341 3961 245.
364 3915 404 3928 -
426 3882 458 3942 in
476 3882 707 3941 matrimonium
722 3880 894 3965 ροιιιιῐανί)
935 3879 1159 3961 nonnullosque

73 4003 254 4066 procorum,
290 3981 387 4044 invita
414 3979 585 4061 Penelope,
617 3989 737 4062 partem
764 3987 870 4038 tensae
902 3975 1001 4040 Ulixis
1029 3987 1156 4059 terreos

74 4082 173 4143 adiicit
194 4081 360 4141 Henricus.
384 4115 425 4128 -··
446 4079 625 4156 Zacyntho,
649 4075 864 4148 Echinudibus‚
884 4075 1040 4154 quenta,
1068 4078 1156 4138 Itha-

74 4191 124 4258 ca)
146 4179 335 4256 Dulichium,
354 4181 473 4252 Sumen,
496 4177 697 4261 Zucynthum,
722 4175 871 4256 Ithacam,
894 4175 1038 4240 exhibent
1061 4177 1153 4244 Hom.

75 4279 137 4348 Oti.
161 4281 187 4350 l.
209 4279 281 4362 245.
306 4277 449 4344 ct·0vid.
471 4277 546 4340 Her.
569 4279 595 4344 l.
616 4277 668 4364 87.

253 4620 301 4660 A
