<?xml version="1.0" encoding="UTF-8"?>
<!DOCTYPE html PUBLIC "-//W3C//DTD XHTML 1.0 Transitional//EN"
    "http://www.w3.org/TR/xhtml1/DTD/xhtml1-transitional.dtd">
<html xmlns="http://www.w3.org/1999/xhtml" xml:lang="en" lang="en">
 <head>
  <title>
</title>
<meta http-equiv="Content-Type" content="text/html;charset=utf-8" />
  <meta name='ocr-system' content='tesseract 3.04.00' />
  <meta name='ocr-capabilities' content='ocr_page ocr_carea ocr_par ocr_line ocrx_word'/>
</head>
<body>
  <div class='ocr_page' id='page_1' title='image "./dictyscretensis00dictgoog_0333.png"; bbox 0 0 2782 4700; ppageno 0'>
   <div class='ocr_carea' id='block_1_1' title="bbox 421 389 1169 486">
    <p class='ocr_par' dir='ltr' id='par_1_1' title="bbox 421 389 1169 486">
     <span class='ocr_line' id='line_1_1' title="bbox 421 389 1169 486; baseline 0.033 -47"><span class='ocrx_word' id='word_1_1' title='bbox 421 389 516 444; x_wconf 79' lang='lat' dir='ltr'><strong>nenti</strong></span> <span class='ocrx_word' id='word_1_2' title='bbox 539 395 681 448; x_wconf 79' lang='lat' dir='ltr'><strong>motem</strong></span> <span class='ocrx_word' id='word_1_3' title='bbox 706 397 770 450; x_wconf 86' lang='lat' dir='ltr'><strong>tta.</strong></span> <span class='ocrx_word' id='word_1_4' title='bbox 797 401 844 450; x_wconf 87' lang='lat' dir='ltr'><strong>vt.</strong></span> <span class='ocrx_word' id='word_1_5' title='bbox 1069 393 1169 486; x_wconf 49' lang='lat' dir='ltr'><strong>x2‘25</strong></span> 
     </span>
    </p>
   </div>
   <div class='ocr_carea' id='block_1_2' title="bbox 72 575 1170 2210">
    <p class='ocr_par' dir='ltr' id='par_1_2' title="bbox 72 575 1170 2210">
     <span class='ocr_line' id='line_1_2' title="bbox 183 575 1170 700; baseline 0.029 -48"><span class='ocrx_word' id='word_1_6' title='bbox 183 576 250 652; x_wconf 86' lang='lat' dir='ltr'><strong>Vl.</strong></span> <span class='ocrx_word' id='word_1_7' title='bbox 299 575 359 654; x_wconf 89' lang='lat' dir='ltr'><strong>lhi</strong></span> <span class='ocrx_word' id='word_1_8' title='bbox 390 580 441 657; x_wconf 91' lang='lat' dir='ltr'><strong>ob</strong></span> <span class='ocrx_word' id='word_1_9' title='bbox 464 584 724 666; x_wconf 74' lang='lat' dir='ltr'><strong>celebritatem</strong></span> <span class='ocrx_word' id='word_1_10' title='bbox 750 591 919 670; x_wconf 90' lang='lat' dir='ltr'><strong>nominis</strong></span> <span class='ocrx_word' id='word_1_11' title='bbox 940 621 1009 700; x_wconf 89' lang='lat' dir='ltr'><strong>per</strong></span> <span class='ocrx_word' id='word_1_12' title='bbox 1030 599 1170 680; x_wconf 87' lang='lat' dir='ltr'><strong>multos</strong></span> 
     </span>
     <span class='ocr_line' id='line_1_3' title="bbox 76 685 1170 819; baseline 0.027 -55"><span class='ocrx_word' id='word_1_13' title='bbox 76 685 164 766; x_wconf 87' lang='lat' dir='ltr'><strong>dies</strong></span> <span class='ocrx_word' id='word_1_14' title='bbox 188 691 355 795; x_wconf 83' lang='lat' dir='ltr'><strong>benigne</strong></span> <span class='ocrx_word' id='word_1_15' title='bbox 378 717 570 805; x_wconf 88' lang='lat' dir='ltr'><strong>acceptus,</strong></span> <span class='ocrx_word' id='word_1_16' title='bbox 607 707 815 806; x_wconf 76' lang='lat' dir='ltr'><strong>cognoscit,</strong></span> <span class='ocrx_word' id='word_1_17' title='bbox 852 709 1081 819; x_wconf 82' lang='lat' dir='ltr'><strong>Penelopam</strong></span> <span class='ocrx_word' id='word_1_18' title='bbox 1119 719 1170 794; x_wconf 89' lang='lat' dir='ltr'><strong>ab</strong></span> 
     </span>
     <span class='ocr_line' id='line_1_4' title="bbox 80 806 1170 910; baseline 0.028 -30"><span class='ocrx_word' id='word_1_19' title='bbox 80 806 246 910; x_wconf 78' lang='lat' dir='ltr'><strong>triginta</strong></span> <span class='ocrx_word' id='word_1_20' title='bbox 272 808 487 890; x_wconf 83' lang='lat' dir='ltr'>illustribus</span> <span class='ocrx_word' id='word_1_21' title='bbox 511 817 602 892; x_wconf 88' lang='lat' dir='ltr'><strong>viris</strong></span> <span class='ocrx_word' id='word_1_22' title='bbox 619 815 773 896; x_wconf 86' lang='lat' dir='ltr'><strong>diversis</strong></span> <span class='ocrx_word' id='word_1_23' title='bbox 797 847 844 898; x_wconf 84' lang='lat' dir='ltr'><strong>ex</strong></span> <span class='ocrx_word' id='word_1_24' title='bbox 867 826 957 902; x_wconf 87' lang='lat' dir='ltr'><strong>locis</strong></span> <span class='ocrx_word' id='word_1_25' title='bbox 978 829 1020 906; x_wconf 95' lang='lat' dir='ltr'><strong>in</strong></span> <span class='ocrx_word' id='word_1_26' title='bbox 1038 834 1170 910; x_wconf 88' lang='lat' dir='ltr'><strong>matri-</strong></span> 
     </span>
     <span class='ocr_line' id='line_1_5' title="bbox 75 923 1170 1046; baseline 0.029 -52"><span class='ocrx_word' id='word_1_27' title='bbox 75 923 260 1002; x_wconf 80' lang='lat' dir='ltr'><strong>monium</strong></span> <span class='ocrx_word' id='word_1_28' title='bbox 272 930 477 1032; x_wconf 87' lang='lat' dir='ltr'><strong>postulari:</strong></span> <span class='ocrx_word' id='word_1_29' title='bbox 503 930 624 1034; x_wconf 85' lang='lat' dir='ltr'><strong>hique</strong></span> <span class='ocrx_word' id='word_1_30' title='bbox 640 955 752 1014; x_wconf 89' lang='lat' dir='ltr'><strong>erant</strong></span> <span class='ocrx_word' id='word_1_31' title='bbox 768 939 816 1013; x_wconf 90' lang='lat' dir='ltr'><strong>ab</strong></span> <span class='ocrx_word' id='word_1_32' title='bbox 828 941 1038 1046; x_wconf 80' lang='lat' dir='ltr'>Zacyntho,</span> <span class='ocrx_word' id='word_1_33' title='bbox 1057 935 1170 1025; x_wconf 86' lang='lat' dir='ltr'><strong>Echi-</strong></span> 
     </span>
     <span class='ocr_line' id='line_1_6' title="bbox 76 1035 1169 1168; baseline 0.026 -54"><span class='ocrx_word' id='word_1_34' title='bbox 76 1035 257 1126; x_wconf 87' lang='lat' dir='ltr'><strong>nadibns,</strong></span> <span class='ocrx_word' id='word_1_35' title='bbox 281 1045 456 1136; x_wconf 75' lang='lat' dir='ltr'><strong>Leucata,</strong></span> <span class='ocrx_word' id='word_1_36' title='bbox 481 1045 623 1126; x_wconf 81' lang='lat' dir='ltr'><strong>Ithaca.</strong></span> <span class='ocrx_word' id='word_1_37' title='bbox 674 1051 735 1128; x_wconf 91' lang='lat' dir='ltr'><strong>Ob</strong></span> <span class='ocrx_word' id='word_1_38' title='bbox 761 1081 861 1160; x_wconf 88' lang='lat' dir='ltr'><strong>quae</strong></span> <span class='ocrx_word' id='word_1_39' title='bbox 885 1062 1020 1136; x_wconf 88' lang='lat' dir='ltr'><strong>multis</strong></span> <span class='ocrx_word' id='word_1_40' title='bbox 1045 1066 1169 1168; x_wconf 86' lang='lat' dir='ltr'><strong>preci·</strong></span> 
     </span>
     <span class='ocr_line' id='line_1_7' title="bbox 74 1151 1169 1266; baseline 0.027 -38"><span class='ocrx_word' id='word_1_41' title='bbox 74 1151 152 1230; x_wconf 87' lang='lat' dir='ltr'><strong>hus</strong></span> <span class='ocrx_word' id='word_1_42' title='bbox 189 1157 393 1260; x_wconf 77' lang='lat' dir='ltr'><strong>persuadet</strong></span> <span class='ocrx_word' id='word_1_43' title='bbox 425 1163 522 1266; x_wconf 80' lang='lat' dir='ltr'><strong>regi,</strong></span> <span class='ocrx_word' id='word_1_44' title='bbox 550 1163 610 1240; x_wconf 91' lang='lat' dir='ltr'><strong>uti</strong></span> <span class='ocrx_word' id='word_1_45' title='bbox 642 1190 771 1244; x_wconf 87' lang='lat' dir='ltr'><strong>secum</strong></span> <span class='ocrx_word' id='word_1_46' title='bbox 804 1169 854 1246; x_wconf 92' lang='lat' dir='ltr'><strong>ad</strong></span> <span class='ocrx_word' id='word_1_47' title='bbox 895 1174 1169 1258; x_wconf 86' lang='lat' dir='ltr'><strong>vindicandam</strong></span> 
     </span>
     <span class='ocr_line' id='line_1_8' title="bbox 75 1271 1168 1397; baseline 0.026 -53"><span class='ocrx_word' id='word_1_48' title='bbox 75 1271 320 1351; x_wconf 85' lang='lat' dir='ltr'><strong>matrimonii</strong></span> <span class='ocrx_word' id='word_1_49' title='bbox 359 1274 546 1354; x_wconf 90' lang='lat' dir='ltr'><strong>iniuriam</strong></span> <span class='ocrx_word' id='word_1_50' title='bbox 588 1281 793 1388; x_wconf 82' lang='lat' dir='ltr'><strong>navigaret.</strong></span> <span class='ocrx_word' id='word_1_51' title='bbox 856 1287 928 1364; x_wconf 89' lang='lat' dir='ltr'><strong>Sed</strong></span> <span class='ocrx_word' id='word_1_52' title='bbox 963 1311 1168 1397; x_wconf 90' lang='lat' dir='ltr'><strong>postquam</strong></span> 
     </span>
     <span class='ocr_line' id='line_1_9' title="bbox 76 1383 1167 1510; baseline 0.029 -52"><span class='ocrx_word' id='word_1_53' title='bbox 76 1383 266 1465; x_wconf 79' lang='lat' dir='ltr'><strong>devenere</strong></span> <span class='ocrx_word' id='word_1_54' title='bbox 310 1391 361 1469; x_wconf 90' lang='lat' dir='ltr'><strong>ad</strong></span> <span class='ocrx_word' id='word_1_55' title='bbox 404 1419 511 1472; x_wconf 90' lang='lat' dir='ltr'><strong>eum·</strong></span> <span class='ocrx_word' id='word_1_56' title='bbox 531 1397 686 1490; x_wconf 84' lang='lat' dir='ltr'><strong>locum,</strong></span> <span class='ocrx_word' id='word_1_57' title='bbox 736 1405 934 1510; x_wconf 89' lang='lat' dir='ltr'><strong>paulisper</strong></span> <span class='ocrx_word' id='word_1_58' title='bbox 975 1413 1167 1491; x_wconf 90' lang='lat' dir='ltr'><strong>occultato</strong></span> 
     </span>
     <span class='ocr_line' id='line_1_10' title="bbox 75 1501 1166 1626; baseline 0.027 -51"><span class='ocrx_word' id='word_1_59' title='bbox 75 1501 204 1594; x_wconf 88' lang='lat' dir='ltr'><strong>Ulixe,</strong></span> <span class='ocrx_word' id='word_1_60' title='bbox 225 1505 294 1582; x_wconf 91' lang='lat' dir='ltr'><strong>ubi</strong></span> <span class='ocrx_word' id='word_1_61' title='bbox 312 1509 586 1590; x_wconf 83' lang='lat' dir='ltr'><strong>Telemachum</strong></span> <span class='ocrx_word' id='word_1_62' title='bbox 607 1540 699 1606; x_wconf 85' lang='lat' dir='ltr'><strong>rem,</strong></span> <span class='ocrx_word' id='word_1_63' title='bbox 720 1545 819 1622; x_wconf 89' lang='lat' dir='ltr'><strong>quae</strong></span> <span class='ocrx_word' id='word_1_64' title='bbox 839 1523 1058 1626; x_wconf 88' lang='lat' dir='ltr'><strong>parabatur,</strong></span> <span class='ocrx_word' id='word_1_65' title='bbox 1078 1528 1166 1606; x_wconf 90' lang='lat' dir='ltr'><strong>edo-</strong></span> 
     </span>
     <span class='ocr_line' id='line_1_11' title="bbox 74 1617 1166 1722; baseline 0.026 -28"><span class='ocrx_word' id='word_1_66' title='bbox 74 1643 203 1709; x_wconf 81' lang='lat' dir='ltr'><strong>cuere,</strong></span> <span class='ocrx_word' id='word_1_67' title='bbox 221 1617 380 1700; x_wconf 91' lang='lat' dir='ltr'><strong>domum</strong></span> <span class='ocrx_word' id='word_1_68' title='bbox 397 1625 446 1702; x_wconf 87' lang='lat' dir='ltr'><strong>ad</strong></span> <span class='ocrx_word' id='word_1_69' title='bbox 465 1630 615 1706; x_wconf 87' lang='lat' dir='ltr'><strong>Ulixem</strong></span> <span class='ocrx_word' id='word_1_70' title='bbox 632 1633 730 1709; x_wconf 84' lang='lat' dir='ltr'><strong>clam</strong></span> <span class='ocrx_word' id='word_1_71' title='bbox 749 1638 927 1714; x_wconf 86' lang='lat' dir='ltr'><strong>veniunt:</strong></span> <span class='ocrx_word' id='word_1_72' title='bbox 955 1642 1023 1717; x_wconf 92' lang='lat' dir='ltr'><strong>ubi</strong></span> <span class='ocrx_word' id='word_1_73' title='bbox 1041 1646 1166 1722; x_wconf 91' lang='lat' dir='ltr'><strong>multo</strong></span> 
     </span>
     <span class='ocr_line' id='line_1_12' title="bbox 73 1733 1167 1860; baseline 0.027 -52"><span class='ocrx_word' id='word_1_74' title='bbox 73 1733 168 1810; x_wconf 86' lang='lat' dir='ltr'><strong>vino</strong></span> <span class='ocrx_word' id='word_1_75' title='bbox 192 1755 310 1844; x_wconf 81' lang='lat' dir='ltr'><strong>etque</strong></span> <span class='ocrx_word' id='word_1_76' title='bbox 334 1742 457 1848; x_wconf 90' lang='lat' dir='ltr'><strong>epulis</strong></span> <span class='ocrx_word' id='word_1_77' title='bbox 483 1749 645 1853; x_wconf 89' lang='lat' dir='ltr'><strong>repletos</strong></span> <span class='ocrx_word' id='word_1_78' title='bbox 669 1750 747 1829; x_wconf 89' lang='lat' dir='ltr'><strong>iam</strong></span> <span class='ocrx_word' id='word_1_79' title='bbox 766 1781 900 1858; x_wconf 89' lang='lat' dir='ltr'><strong>procos</strong></span> <span class='ocrx_word' id='word_1_80' title='bbox 924 1755 1080 1860; x_wconf 84' lang='lat' dir='ltr'><strong>ingressi</strong></span> <span class='ocrx_word' id='word_1_81' title='bbox 1107 1762 1167 1838; x_wconf 89' lang='lat' dir='ltr'><strong>in-</strong></span> 
     </span>
     <span class='ocr_line' id='line_1_13' title="bbox 75 1852 1166 1966; baseline 0.027 -43"><span class='ocrx_word' id='word_1_82' title='bbox 75 1852 285 1934; x_wconf 86' lang='lat' dir='ltr'><strong>terficiunt</strong></span> <span class='ocrx_word' id='word_1_83' title='bbox 336 1860 437 1938; x_wconf 90' lang='lat' dir='ltr'><strong>Dein</strong></span> <span class='ocrx_word' id='word_1_84' title='bbox 464 1888 534 1966; x_wconf 91' lang='lat' dir='ltr'><strong>per</strong></span> <span class='ocrx_word' id='word_1_85' title='bbox 557 1865 750 1944; x_wconf 81' lang='lat' dir='ltr'><strong>civitatem</strong></span> <span class='ocrx_word' id='word_1_86' title='bbox 775 1871 925 1946; x_wconf 86' lang='lat' dir='ltr'><strong>Ulixem</strong></span> <span class='ocrx_word' id='word_1_87' title='bbox 950 1871 1166 1953; x_wconf 84' lang='lat' dir='ltr'><strong>adventasse</strong></span> 
     </span>
     <span class='ocr_line' id='line_1_14' title="bbox 72 1970 1167 2094; baseline 0.026 -51"><span class='ocrx_word' id='word_1_88' title='bbox 72 1970 331 2073; x_wconf 88' lang='lat' dir='ltr'><strong>popularibus</strong></span> <span class='ocrx_word' id='word_1_89' title='bbox 356 1981 554 2082; x_wconf 82' lang='lat' dir='ltr'><strong>cognitum</strong></span> <span class='ocrx_word' id='word_1_90' title='bbox 577 2001 650 2062; x_wconf 84' lang='lat' dir='ltr'><strong>estt</strong></span> <span class='ocrx_word' id='word_1_91' title='bbox 674 2011 697 2061; x_wconf 87' lang='lat' dir='ltr'><strong>a</strong></span> <span class='ocrx_word' id='word_1_92' title='bbox 721 1987 808 2089; x_wconf 90' lang='lat' dir='ltr'><strong>quis</strong></span> <span class='ocrx_word' id='word_1_93' title='bbox 827 1988 992 2094; x_wconf 80' lang='lat' dir='ltr'><strong>benigne</strong></span> <span class='ocrx_word' id='word_1_94' title='bbox 1010 2011 1167 2088; x_wconf 84' lang='lat' dir='ltr'><strong>etcum,</strong></span> 
     </span>
     <span class='ocr_line' id='line_1_15' title="bbox 73 2081 1164 2210; baseline 0.028 -52"><span class='ocrx_word' id='word_1_95' title='bbox 73 2081 205 2164; x_wconf 80' lang='lat' dir='ltr'><strong>favore</strong></span> <span class='ocrx_word' id='word_1_96' title='bbox 228 2110 427 2200; x_wconf 72' lang='lat' dir='ltr'><strong>exceptus,¹</strong></span> <span class='ocrx_word' id='word_1_97' title='bbox 455 2116 617 2190; x_wconf 79' lang='lat' dir='ltr'><strong>cuncta,</strong></span> <span class='ocrx_word' id='word_1_98' title='bbox 650 2126 750 2204; x_wconf 85' lang='lat' dir='ltr'><strong>quae</strong></span> <span class='ocrx_word' id='word_1_99' title='bbox 775 2101 881 2180; x_wconf 89' lang='lat' dir='ltr'><strong>domi</strong></span> <span class='ocrx_word' id='word_1_100' title='bbox 905 2127 1005 2210; x_wconf 80' lang='lat' dir='ltr'><strong>gesta</strong></span> <span class='ocrx_word' id='word_1_101' title='bbox 1033 2133 1164 2198; x_wconf 86' lang='lat' dir='ltr'><strong>erant,</strong></span> 
     </span>
    </p>
   </div>
   <div class='ocr_carea' id='block_1_3' title="bbox 72 2210 1166 2441">
    <p class='ocr_par' dir='ltr' id='par_1_3' title="bbox 72 2210 1166 2441">
     <span class='ocr_line' id='line_1_16' title="bbox 72 2210 1166 2325; baseline 0.026 -45"><span class='ocrx_word' id='word_1_102' title='bbox 72 2210 285 2312; x_wconf 82' lang='lat' dir='ltr'><strong>cognoscit:</strong></span> <span class='ocrx_word' id='word_1_103' title='bbox 310 2214 468 2294; x_wconf 88' lang='lat' dir='ltr'><strong>meritos</strong></span> <span class='ocrx_word' id='word_1_104' title='bbox 490 2214 601 2293; x_wconf 90' lang='lat' dir='ltr'><strong>donis</strong></span> <span class='ocrx_word' id='word_1_105' title='bbox 625 2237 694 2295; x_wconf 84' lang='lat' dir='ltr'><strong>aut</strong></span> <span class='ocrx_word' id='word_1_106' title='bbox 719 2223 919 2325; x_wconf 88' lang='lat' dir='ltr'><strong>suppliciis</strong></span> <span class='ocrx_word' id='word_1_107' title='bbox 943 2227 1070 2304; x_wconf 86' lang='lat' dir='ltr'><strong>allicit</strong></span> <span class='ocrx_word' id='word_1_108' title='bbox 1105 2231 1166 2308; x_wconf 87' lang='lat' dir='ltr'><strong>De</strong></span> 
     </span>
     <span class='ocr_line' id='line_1_17' title="bbox 72 2323 1166 2441; baseline 0.024 -44"><span class='ocrx_word' id='word_1_109' title='bbox 72 2323 267 2432; x_wconf 88' lang='lat' dir='ltr'><strong>Penelopa</strong></span> <span class='ocrx_word' id='word_1_110' title='bbox 302 2329 463 2435; x_wconf 87' lang='lat' dir='ltr'><strong>eiusque</strong></span> <span class='ocrx_word' id='word_1_111' title='bbox 494 2332 685 2438; x_wconf 84' lang='lat' dir='ltr'><strong>pudicitia</strong></span> <span class='ocrx_word' id='word_1_112' title='bbox 707 2337 904 2441; x_wconf 82' lang='lat' dir='ltr'><strong>praeclara</strong></span> <span class='ocrx_word' id='word_1_113' title='bbox 928 2341 1042 2420; x_wconf 84' lang='lat' dir='ltr'><strong>fama.</strong></span> <span class='ocrx_word' id='word_1_114' title='bbox 1093 2348 1166 2422; x_wconf 88' lang='lat' dir='ltr'><strong>Ne-</strong></span> 
     </span>
    </p>
   </div>
   <div class='ocr_carea' id='block_1_4' title="bbox 72 2444 1168 2659">
    <p class='ocr_par' dir='ltr' id='par_1_4' title="bbox 72 2444 1168 2659">
     <span class='ocr_line' id='line_1_18' title="bbox 72 2444 1168 2570; baseline 0.025 -56"><span class='ocrx_word' id='word_1_115' title='bbox 72 2465 155 2542; x_wconf 87' lang='lat' dir='ltr'><strong>que</strong></span> <span class='ocrx_word' id='word_1_116' title='bbox 175 2444 300 2522; x_wconf 87' lang='lat' dir='ltr'><strong>multo</strong></span> <span class='ocrx_word' id='word_1_117' title='bbox 324 2466 409 2550; x_wconf 91' lang='lat' dir='ltr'><strong>post</strong></span> <span class='ocrx_word' id='word_1_118' title='bbox 432 2451 612 2555; x_wconf 88' lang='lat' dir='ltr'><strong>precibus</strong></span> <span class='ocrx_word' id='word_1_119' title='bbox 635 2471 753 2570; x_wconf 86' lang='lat' dir='ltr'><strong>atque</strong></span> <span class='ocrx_word' id='word_1_120' title='bbox 778 2454 936 2534; x_wconf 87' lang='lat' dir='ltr'><strong>hortatu</strong></span> <span class='ocrx_word' id='word_1_121' title='bbox 958 2461 1079 2538; x_wconf 89' lang='lat' dir='ltr'><strong>Ulixis</strong></span> <span class='ocrx_word' id='word_1_122' title='bbox 1102 2467 1168 2540; x_wconf 87' lang='lat' dir='ltr'><strong>Al-</strong></span> 
     </span>
     <span class='ocr_line' id='line_1_19' title="bbox 72 2556 1167 2659; baseline 0.022 -25"><span class='ocrx_word' id='word_1_123' title='bbox 72 2556 181 2634; x_wconf 87' lang='lat' dir='ltr'><strong>cinoi</strong></span> <span class='ocrx_word' id='word_1_124' title='bbox 206 2561 284 2640; x_wconf 80' lang='lat' dir='ltr'><strong>filie</strong></span> <span class='ocrx_word' id='word_1_125' title='bbox 308 2565 471 2642; x_wconf 86' lang='lat' dir='ltr'><strong>Nausica</strong></span> <span class='ocrx_word' id='word_1_126' title='bbox 499 2569 727 2648; x_wconf 89' lang='lat' dir='ltr'><strong>Telemacho</strong></span> <span class='ocrx_word' id='word_1_127' title='bbox 745 2570 921 2652; x_wconf 81' lang='lat' dir='ltr'><strong>denubit</strong></span> <span class='ocrx_word' id='word_1_128' title='bbox 970 2577 1167 2659; x_wconf 86' lang='lat' dir='ltr'><strong>Paridem</strong></span> 
     </span>
    </p>
   </div>
   <div class='ocr_carea' id='block_1_5' title="bbox 72 2682 1166 2801">
    <p class='ocr_par' dir='ltr' id='par_1_5' title="bbox 72 2682 1166 2801">
     <span class='ocr_line' id='line_1_20' title="bbox 72 2682 1166 2801; baseline 0.024 -50"><span class='ocrx_word' id='word_1_129' title='bbox 72 2693 229 2784; x_wconf 87' lang='lat' dir='ltr'><strong>tempus</strong></span> <span class='ocrx_word' id='word_1_130' title='bbox 250 2682 495 2780; x_wconf 84' lang='lat' dir='ltr'><strong>Idomeneus,</strong></span> <span class='ocrx_word' id='word_1_131' title='bbox 528 2685 607 2767; x_wconf 88' lang='lat' dir='ltr'><strong>dux</strong></span> <span class='ocrx_word' id='word_1_132' title='bbox 633 2709 772 2784; x_wconf 85' lang='lat' dir='ltr'><strong>noster,</strong></span> <span class='ocrx_word' id='word_1_133' title='bbox 797 2691 904 2801; x_wconf 88' lang='lat' dir='ltr'><strong>apud</strong></span> <span class='ocrx_word' id='word_1_134' title='bbox 928 2695 1082 2776; x_wconf 82' lang='lat' dir='ltr'><strong>Cretam</strong></span> <span class='ocrx_word' id='word_1_135' title='bbox 1106 2699 1166 2776; x_wconf 92' lang='lat' dir='ltr'><strong>in·</strong></span> 
     </span>
    </p>
   </div>
   <div class='ocr_carea' id='block_1_6' title="bbox 64 2991 1163 4338">
    <p class='ocr_par' dir='ltr' id='par_1_6' title="bbox 69 2991 1163 3490">
     <span class='ocr_line' id='line_1_21' title="bbox 70 2991 1163 3069; baseline 0.005 -23"><span class='ocrx_word' id='word_1_136' title='bbox 70 3007 185 3046; x_wconf 72' lang='lat' dir='ltr'><strong>menen·</strong></span> <span class='ocrx_word' id='word_1_137' title='bbox 205 2991 312 3044; x_wconf 84' lang='lat' dir='ltr'><strong>Ulixem</strong></span> <span class='ocrx_word' id='word_1_138' title='bbox 331 2991 461 3061; x_wconf 72' lang='lat' dir='ltr'><strong>rogavit,</strong></span> <span class='ocrx_word' id='word_1_139' title='bbox 480 3001 512 3044; x_wconf 85' lang='lat' dir='ltr'><strong>tet</strong></span> <span class='ocrx_word' id='word_1_140' title='bbox 531 2991 566 3046; x_wconf 85' lang='lat' dir='ltr'><strong>ed</strong></span> <span class='ocrx_word' id='word_1_141' title='bbox 585 2991 750 3047; x_wconf 79' lang='lat' dir='ltr'><strong>Aehtnorem</strong></span> <span class='ocrx_word' id='word_1_142' title='bbox 769 2995 800 3066; x_wconf 84' lang='lat' dir='ltr'><strong>(i.</strong></span> <span class='ocrx_word' id='word_1_143' title='bbox 818 3012 845 3067; x_wconf 90' lang='lat' dir='ltr'><strong>q.</strong></span> <span class='ocrx_word' id='word_1_144' title='bbox 865 2993 1023 3068; x_wconf 76' lang='lat' dir='ltr'><strong>Alcinoum)</strong></span> <span class='ocrx_word' id='word_1_145' title='bbox 1042 3005 1163 3069; x_wconf 73' lang='lat' dir='ltr'><strong>nerige-</strong></span> 
     </span>
     <span class='ocr_line' id='line_1_22' title="bbox 70 3060 1162 3150; baseline 0.012 -37"><span class='ocrx_word' id='word_1_146' title='bbox 70 3073 141 3120; x_wconf 69' lang='lat' dir='ltr'><strong>nn⁸⁴</strong></span> <span class='ocrx_word' id='word_1_147' title='bbox 178 3061 297 3116; x_wconf 79' lang='lat' dir='ltr'><strong>videtur</strong></span> <span class='ocrx_word' id='word_1_148' title='bbox 312 3061 395 3132; x_wconf 72' lang='lat' dir='ltr'><strong>igitur</strong></span> <span class='ocrx_word' id='word_1_149' title='bbox 414 3061 563 3146; x_wconf 72' lang='lat' dir='ltr'><strong>legendum</strong></span> <span class='ocrx_word' id='word_1_150' title='bbox 576 3060 739 3148; x_wconf 71' lang='lat' dir='ltr'><strong>dimittitur,</strong></span> <span class='ocrx_word' id='word_1_151' title='bbox 751 3065 801 3150; x_wconf 32' lang='lat' dir='ltr'><strong>‘rei</strong></span> <span class='ocrx_word' id='word_1_152' title='bbox 817 3067 901 3120; x_wconf 87' lang='lat' dir='ltr'><strong>etiem</strong></span> <span class='ocrx_word' id='word_1_153' title='bbox 914 3065 1087 3124; x_wconf 79' lang='lat' dir='ltr'><strong>demittitur:</strong></span> <span class='ocrx_word' id='word_1_154' title='bbox 1106 3073 1162 3126; x_wconf 80' lang='lat' dir='ltr'><strong>niti</strong></span> 
     </span>
     <span class='ocr_line' id='line_1_23' title="bbox 69 3133 1161 3280; baseline 0.009 -25"><span class='ocrx_word' id='word_1_155' title='bbox 69 3133 671 3275; x_wconf 50' lang='lat' dir='ltr'><strong>rmUllmPlencelihlleemlehlndilaoUideldlpdd.</strong></span> <span class='ocrx_word' id='word_1_156' title='bbox 684 3149 827 3260; x_wconf 52' lang='lat' dir='ltr'><strong>mlidtdim</strong></span> <span class='ocrx_word' id='word_1_157' title='bbox 868 3221 883 3258; x_wconf 85' lang='lat' dir='ltr'><strong>e</strong></span> <span class='ocrx_word' id='word_1_158' title='bbox 903 3207 965 3260; x_wconf 90' lang='lat' dir='ltr'><strong>loco</strong></span> <span class='ocrx_word' id='word_1_159' title='bbox 982 3216 1091 3280; x_wconf 85' lang='lat' dir='ltr'><strong>praeter</strong></span> <span class='ocrx_word' id='word_1_160' title='bbox 1109 3211 1161 3265; x_wconf 78' lang='lat' dir='ltr'><strong>lid.</strong></span> 
     </span>
     <span class='ocr_line' id='line_1_24' title="bbox 69 3273 1162 3350; baseline 0.007 -24"><span class='ocrx_word' id='word_1_161' title='bbox 69 3273 153 3326; x_wconf 75' lang='lat' dir='ltr'><strong>hiere.</strong></span> <span class='ocrx_word' id='word_1_162' title='bbox 172 3283 201 3326; x_wconf 83' lang='lat' dir='ltr'><strong>et</strong></span> <span class='ocrx_word' id='word_1_163' title='bbox 218 3273 287 3329; x_wconf 86' lang='lat' dir='ltr'><strong>Obr.</strong></span> <span class='ocrx_word' id='word_1_164' title='bbox 316 3273 439 3344; x_wconf 83' lang='lat' dir='ltr'><strong>itemque</strong></span> <span class='ocrx_word' id='word_1_165' title='bbox 462 3273 548 3327; x_wconf 81' lang='lat' dir='ltr'><strong>libros</strong></span> <span class='ocrx_word' id='word_1_166' title='bbox 574 3289 665 3340; x_wconf 82' lang='lat' dir='ltr'><strong>meos,</strong></span> <span class='ocrx_word' id='word_1_167' title='bbox 690 3279 774 3330; x_wconf 83' lang='lat' dir='ltr'><strong>etiam</strong></span> <span class='ocrx_word' id='word_1_168' title='bbox 801 3278 831 3330; x_wconf 85' lang='grc' dir='ltr'><strong>Μ</strong></span> <span class='ocrx_word' id='word_1_169' title='bbox 852 3279 879 3338; x_wconf 82' lang='lat' dir='ltr'><strong>S.</strong></span> <span class='ocrx_word' id='word_1_170' title='bbox 905 3279 1096 3350; x_wconf 84' lang='lat' dir='ltr'><strong>Oudendorpii</strong></span> <span class='ocrx_word' id='word_1_171' title='bbox 1123 3282 1162 3334; x_wconf 86' lang='lat' dir='ltr'><strong>ad</strong></span> 
     </span>
     <span class='ocr_line' id='line_1_25' title="bbox 70 3343 1158 3416; baseline 0.007 -20"><span class='ocrx_word' id='word_1_172' title='bbox 70 3345 152 3414; x_wconf 74' lang='lat' dir='ltr'><strong>Apul.</strong></span> <span class='ocrx_word' id='word_1_173' title='bbox 169 3343 285 3402; x_wconf 76' lang='lat' dir='ltr'><strong>Metti.</strong></span> <span class='ocrx_word' id='word_1_174' title='bbox 302 3358 328 3413; x_wconf 85' lang='lat' dir='ltr'><strong>p.</strong></span> <span class='ocrx_word' id='word_1_175' title='bbox 384 3384 390 3397; x_wconf 91' lang='lat'><em>.</em></span> <span class='ocrx_word' id='word_1_176' title='bbox 428 3345 545 3416; x_wconf 85' lang='lat' dir='ltr'><strong>Deque</strong></span> <span class='ocrx_word' id='word_1_177' title='bbox 572 3344 657 3400; x_wconf 77' lang='lat' dir='ltr'><strong>torna</strong></span> <span class='ocrx_word' id='word_1_178' title='bbox 682 3346 716 3400; x_wconf 81' lang='lat' dir='ltr'><strong>ef.</strong></span> <span class='ocrx_word' id='word_1_179' title='bbox 740 3348 826 3402; x_wconf 84' lang='lat' dir='ltr'><strong>Bentl.</strong></span> <span class='ocrx_word' id='word_1_180' title='bbox 851 3348 885 3400; x_wconf 82' lang='lat' dir='ltr'><strong>ed</strong></span> <span class='ocrx_word' id='word_1_181' title='bbox 911 3349 1002 3402; x_wconf 84' lang='lat' dir='ltr'><strong>lloret.</strong></span> <span class='ocrx_word' id='word_1_182' title='bbox 1021 3351 1103 3406; x_wconf 87' lang='lat' dir='ltr'><strong>Serm.</strong></span> <span class='ocrx_word' id='word_1_183' title='bbox 1124 3355 1158 3404; x_wconf 90' lang='lat' dir='ltr'><strong>li.</strong></span> 
     </span>
     <span class='ocr_line' id='line_1_26' title="bbox 70 3415 995 3490; baseline 0.002 -20"><span class='ocrx_word' id='word_1_184' title='bbox 70 3415 96 3470; x_wconf 78' lang='lat'><strong>5.</strong></span> <span class='ocrx_word' id='word_1_185' title='bbox 118 3419 160 3484; x_wconf 81' lang='lat'><strong>76.</strong></span> <span class='ocrx_word' id='word_1_186' title='bbox 177 3416 226 3472; x_wconf 79' lang='lat' dir='ltr'><strong>Ed.</strong></span> <span class='ocrx_word' id='word_1_187' title='bbox 244 3415 321 3470; x_wconf 69' lang='lat' dir='ltr'><strong>crat.</strong></span> <span class='ocrx_word' id='word_1_188' title='bbox 360 3415 500 3486; x_wconf 81' lang='lat' dir='ltr'><strong>enelopen.</strong></span> <span class='ocrx_word' id='word_1_189' title='bbox 520 3416 612 3468; x_wconf 72' lang='lat' dir='ltr'><strong>uacet.</strong></span> <span class='ocrx_word' id='word_1_190' title='bbox 631 3417 731 3472; x_wconf 81' lang='lat' dir='ltr'><strong>Penelo</strong></span> <span class='ocrx_word' id='word_1_191' title='bbox 751 3437 791 3474; x_wconf 85' lang='lat' dir='ltr'><strong>eat</strong></span> <span class='ocrx_word' id='word_1_192' title='bbox 808 3426 837 3474; x_wconf 84' lang='lat' dir='ltr'><strong>et</strong></span> <span class='ocrx_word' id='word_1_193' title='bbox 853 3420 995 3490; x_wconf 81' lang='lat' dir='ltr'><strong>Penelope.</strong></span> 
     </span>
    </p>

    <p class='ocr_par' dir='ltr' id='par_1_7' title="bbox 65 3439 1158 3824">
     <span class='ocr_line' id='line_1_27' title="bbox 138 3439 1158 3572; baseline 0.004 -30"><span class='ocrx_word' id='word_1_194' title='bbox 138 3504 175 3541; x_wconf 76' lang='lat' dir='ltr'><strong>ex</strong></span> <span class='ocrx_word' id='word_1_195' title='bbox 191 3485 274 3557; x_wconf 82' lang='lat' dir='ltr'><strong>loeis)</strong></span> <span class='ocrx_word' id='word_1_196' title='bbox 308 3485 387 3537; x_wconf 79' lang='lat' dir='ltr'><strong>lietu.</strong></span> <span class='ocrx_word' id='word_1_197' title='bbox 406 3486 437 3537; x_wconf 85' lang='lat' dir='ltr'><strong>in</strong></span> <span class='ocrx_word' id='word_1_198' title='bbox 454 3486 532 3539; x_wconf 81' lang='lat' dir='ltr'><strong>ioris.</strong></span> <span class='ocrx_word' id='word_1_199' title='bbox 558 3514 590 3528; x_wconf 93' lang='lat'>-</span> <span class='ocrx_word' id='word_1_200' title='bbox 626 3488 700 3540; x_wconf 82' lang='lat' dir='ltr'><strong>inira</strong></span> <span class='ocrx_word' id='word_1_201' title='bbox 725 3439 837 3544; x_wconf 58' lang='lat' dir='ltr'><strong>duait.</strong></span> <span class='ocrx_word' id='word_1_202' title='bbox 857 3507 908 3544; x_wconf 80' lang='lat' dir='ltr'><strong>ecc</strong></span> <span class='ocrx_word' id='word_1_203' title='bbox 929 3491 973 3543; x_wconf 84' lang='lat' dir='ltr'><strong>tx.</strong></span> <span class='ocrx_word' id='word_1_204' title='bbox 993 3491 1026 3544; x_wconf 83' lang='lat' dir='ltr'><strong>eli</strong></span> <span class='ocrx_word' id='word_1_205' title='bbox 1045 3493 1158 3572; x_wconf 69' lang='lat' dir='ltr'><strong>Zacyn7</strong></span> 
     </span>
     <span class='ocr_line' id='line_1_28' title="bbox 68 3555 1156 3630; baseline 0.006 -21"><span class='ocrx_word' id='word_1_206' title='bbox 68 3555 116 3609; x_wconf 72' lang='lat' dir='ltr'><strong>tho</strong></span> <span class='ocrx_word' id='word_1_207' title='bbox 142 3555 589 3628; x_wconf 74' lang='lat' dir='ltr'><strong>opp.‚ttern.et1·:d.1²rinc.et</strong></span> <span class='ocrx_word' id='word_1_208' title='bbox 606 3559 754 3614; x_wconf 78' lang='lat' dir='ltr'><strong>Zachinto.</strong></span> <span class='ocrx_word' id='word_1_209' title='bbox 783 3561 850 3614; x_wconf 81' lang='lat' dir='ltr'><strong>Edd.</strong></span> <span class='ocrx_word' id='word_1_210' title='bbox 872 3563 943 3630; x_wconf 80' lang='lat' dir='ltr'><strong>vulg.</strong></span> <span class='ocrx_word' id='word_1_211' title='bbox 964 3581 982 3614; x_wconf 88' lang='lat' dir='ltr'><strong>a</strong></span> <span class='ocrx_word' id='word_1_212' title='bbox 1000 3563 1156 3628; x_wconf 75' lang='lat' dir='ltr'><strong>Zacyntho.</strong></span> 
     </span>
     <span class='ocr_line' id='line_1_29' title="bbox 67 3626 1157 3700; baseline 0.003 -18"><span class='ocrx_word' id='word_1_213' title='bbox 67 3655 103 3667; x_wconf 92' lang='lat'><em>-</em></span> <span class='ocrx_word' id='word_1_214' title='bbox 126 3628 248 3683; x_wconf 67' lang='lat' dir='ltr'><strong>haema</strong></span> <span class='ocrx_word' id='word_1_215' title='bbox 264 3627 368 3696; x_wconf 80' lang='lat' dir='ltr'><strong>scripti.</strong></span> <span class='ocrx_word' id='word_1_216' title='bbox 388 3626 478 3690; x_wconf 74' lang='lat' dir='ltr'><strong>Rern..</strong></span> <span class='ocrx_word' id='word_1_217' title='bbox 505 3627 531 3677; x_wconf 89' lang='lat' dir='ltr'><strong>S.</strong></span> <span class='ocrx_word' id='word_1_218' title='bbox 550 3629 623 3682; x_wconf 79' lang='lat' dir='ltr'><strong>Gali,</strong></span> <span class='ocrx_word' id='word_1_219' title='bbox 649 3645 729 3700; x_wconf 79' lang='lat' dir='ltr'><strong>opp,</strong></span> <span class='ocrx_word' id='word_1_220' title='bbox 754 3629 803 3687; x_wconf 83' lang='lat' dir='ltr'><strong>lid.</strong></span> <span class='ocrx_word' id='word_1_221' title='bbox 822 3635 905 3686; x_wconf 80' lang='lat' dir='ltr'><strong>Mers.</strong></span> <span class='ocrx_word' id='word_1_222' title='bbox 924 3639 951 3683; x_wconf 86' lang='lat' dir='ltr'><strong>et</strong></span> <span class='ocrx_word' id='word_1_223' title='bbox 969 3632 1033 3684; x_wconf 69' lang='lat' dir='ltr'><strong>Olor.</strong></span> <span class='ocrx_word' id='word_1_224' title='bbox 1052 3633 1157 3687; x_wconf 82' lang='lat' dir='ltr'><strong>Leuca-</strong></span> 
     </span>
     <span class='ocr_line' id='line_1_30' title="bbox 66 3695 1155 3770; baseline 0.006 -20"><span class='ocrx_word' id='word_1_225' title='bbox 66 3697 132 3766; x_wconf 77' lang='lat' dir='ltr'><strong>elta3</strong></span> <span class='ocrx_word' id='word_1_226' title='bbox 161 3701 205 3752; x_wconf 85' lang='lat' dir='ltr'><strong>cni</strong></span> <span class='ocrx_word' id='word_1_227' title='bbox 222 3716 256 3752; x_wconf 94' lang='lat' dir='ltr'><strong>ex</strong></span> <span class='ocrx_word' id='word_1_228' title='bbox 274 3713 329 3770; x_wconf 80' lang='lat' dir='ltr'><strong>seq.</strong></span> <span class='ocrx_word' id='word_1_229' title='bbox 347 3695 447 3752; x_wconf 77' lang='lat' dir='ltr'><strong>Ithace</strong></span> <span class='ocrx_word' id='word_1_230' title='bbox 466 3696 596 3751; x_wconf 75' lang='lat' dir='ltr'><strong>adhaeret</strong></span> <span class='ocrx_word' id='word_1_231' title='bbox 619 3699 698 3752; x_wconf 85' lang='lat' dir='ltr'><strong>litera</strong></span> <span class='ocrx_word' id='word_1_232' title='bbox 719 3697 747 3760; x_wconf 83' lang='lat' dir='ltr'><strong>lt.</strong></span> <span class='ocrx_word' id='word_1_233' title='bbox 781 3699 808 3754; x_wconf 85' lang='lat' dir='ltr'><strong>S.</strong></span> <span class='ocrx_word' id='word_1_234' title='bbox 828 3700 899 3754; x_wconf 77' lang='lat' dir='ltr'><strong>Gell-</strong></span> <span class='ocrx_word' id='word_1_235' title='bbox 919 3717 971 3753; x_wconf 84' lang='lat' dir='ltr'><strong>sec.</strong></span> <span class='ocrx_word' id='word_1_236' title='bbox 994 3701 1040 3754; x_wconf 83' lang='lat' dir='ltr'><strong>tx,</strong></span> <span class='ocrx_word' id='word_1_237' title='bbox 1059 3711 1087 3754; x_wconf 83' lang='lat' dir='ltr'><strong>ct</strong></span> <span class='ocrx_word' id='word_1_238' title='bbox 1105 3703 1155 3762; x_wconf 83' lang='lat' dir='ltr'><strong>Ed&#39;.</strong></span> 
     </span>
     <span class='ocr_line' id='line_1_31' title="bbox 65 3765 637 3824; baseline 0.009 -6"><span class='ocrx_word' id='word_1_239' title='bbox 65 3769 155 3822; x_wconf 79' lang='lat' dir='ltr'><strong>Ptine.</strong></span> <span class='ocrx_word' id='word_1_240' title='bbox 172 3767 310 3824; x_wconf 82' lang='lat' dir='ltr'><strong>Letecede.</strong></span> <span class='ocrx_word' id='word_1_241' title='bbox 329 3765 377 3820; x_wconf 74' lang='grc' dir='ltr'><strong>ΕεΙ.</strong></span> <span class='ocrx_word' id='word_1_242' title='bbox 398 3767 468 3820; x_wconf 74' lang='lat' dir='ltr'><strong>crat.</strong></span> <span class='ocrx_word' id='word_1_243' title='bbox 486 3766 637 3823; x_wconf 69' lang='lat' dir='ltr'><strong>hucedie.</strong></span> 
     </span>
    </p>

    <p class='ocr_par' dir='ltr' id='par_1_8' title="bbox 64 3837 1154 4338">
     <span class='ocr_line' id='line_1_32' title="bbox 137 3837 1152 3914; baseline 0.003 -21"><span class='ocrx_word' id='word_1_244' title='bbox 137 3841 243 3894; x_wconf 79' lang='lat' dir='ltr'><strong>Uiieeet</strong></span> <span class='ocrx_word' id='word_1_245' title='bbox 252 3839 428 3902; x_wconf 64' lang='lat' dir='ltr'><strong>drentem)</strong></span> <span class='ocrx_word' id='word_1_246' title='bbox 454 3837 479 3890; x_wconf 83' lang='lat' dir='ltr'><strong>S·</strong></span> <span class='ocrx_word' id='word_1_247' title='bbox 500 3838 571 3892; x_wconf 83' lang='lat' dir='ltr'><strong>Gall.</strong></span> <span class='ocrx_word' id='word_1_248' title='bbox 590 3855 642 3894; x_wconf 85' lang='lat' dir='ltr'><strong>ere.</strong></span> <span class='ocrx_word' id='word_1_249' title='bbox 657 3837 703 3897; x_wconf 76' lang='lat' dir='ltr'><strong>tx,</strong></span> <span class='ocrx_word' id='word_1_250' title='bbox 720 3845 750 3892; x_wconf 88' lang='lat' dir='ltr'><strong>et</strong></span> <span class='ocrx_word' id='word_1_251' title='bbox 769 3837 817 3894; x_wconf 81' lang='lat' dir='ltr'><strong>lid.</strong></span> <span class='ocrx_word' id='word_1_252' title='bbox 838 3838 923 3893; x_wconf 81' lang='lat' dir='ltr'><strong>Ptine.</strong></span> <span class='ocrx_word' id='word_1_253' title='bbox 945 3840 1052 3896; x_wconf 76' lang='lat' dir='ltr'><strong>Ulixen.</strong></span> <span class='ocrx_word' id='word_1_254' title='bbox 1070 3859 1152 3914; x_wconf 86' lang='lat' dir='ltr'><strong>quem</strong></span> 
     </span>
     <span class='ocr_line' id='line_1_33' title="bbox 65 3909 1154 3984; baseline 0 -22"><span class='ocrx_word' id='word_1_255' title='bbox 65 3909 258 3964; x_wconf 67' lang='lat' dir='ltr'><strong>Aetnsetirutn</strong></span> <span class='ocrx_word' id='word_1_256' title='bbox 276 3909 363 3964; x_wconf 77' lang='lat' dir='ltr'><strong>tebet</strong></span> <span class='ocrx_word' id='word_1_257' title='bbox 379 3911 462 3962; x_wconf 82' lang='lat' dir='ltr'><strong>etiam</strong></span> <span class='ocrx_word' id='word_1_258' title='bbox 480 3910 560 3965; x_wconf 76' lang='lat' dir='ltr'><strong>nem.</strong></span> <span class='ocrx_word' id='word_1_259' title='bbox 579 3909 619 3962; x_wconf 90' lang='lat' dir='ltr'><strong>lib</strong></span> <span class='ocrx_word' id='word_1_260' title='bbox 648 3909 680 3963; x_wconf 91' lang='lat'><strong>11.</strong></span> <span class='ocrx_word' id='word_1_261' title='bbox 701 3911 726 3964; x_wconf 89' lang='grc'><strong>3.</strong></span> <span class='ocrx_word' id='word_1_262' title='bbox 744 3911 772 3968; x_wconf 89' lang='grc'><strong>6.</strong></span> <span class='ocrx_word' id='word_1_263' title='bbox 791 3911 833 3964; x_wconf 77' lang='grc'><strong>33.</strong></span> <span class='ocrx_word' id='word_1_264' title='bbox 854 3913 895 3980; x_wconf 76' lang='lat'><strong>37.</strong></span> <span class='ocrx_word' id='word_1_265' title='bbox 915 3909 959 3978; x_wconf 70' lang='grc'><strong>48.</strong></span> <span class='ocrx_word' id='word_1_266' title='bbox 977 3911 1072 3965; x_wconf 81' lang='lat' dir='ltr'><strong>Gravis</strong></span> <span class='ocrx_word' id='word_1_267' title='bbox 1090 3913 1154 3984; x_wconf 87' lang='lat' dir='ltr'><strong>qui-</strong></span> 
     </span>
     <span class='ocr_line' id='line_1_34' title="bbox 67 3979 1153 4067; baseline 0 -33"><span class='ocrx_word' id='word_1_268' title='bbox 67 3979 130 4034; x_wconf 79' lang='lat' dir='ltr'><strong>den</strong></span> <span class='ocrx_word' id='word_1_269' title='bbox 145 3989 241 4034; x_wconf 80' lang='lat' dir='ltr'><strong>nostro</strong></span> <span class='ocrx_word' id='word_1_270' title='bbox 259 3981 323 4033; x_wconf 86' lang='lat' dir='ltr'><strong>loeo</strong></span> <span class='ocrx_word' id='word_1_271' title='bbox 348 3981 493 4052; x_wconf 80' lang='lat' dir='ltr'><strong>utriusque</strong></span> <span class='ocrx_word' id='word_1_272' title='bbox 512 3979 576 4034; x_wconf 84' lang='lat' dir='ltr'><strong>libri</strong></span> <span class='ocrx_word' id='word_1_273' title='bbox 596 3997 760 4046; x_wconf 70' lang='lat' dir='ltr'><strong>contemnes</strong></span> <span class='ocrx_word' id='word_1_274' title='bbox 789 3979 838 4031; x_wconf 81' lang='lat' dir='ltr'><strong>ted</strong></span> <span class='ocrx_word' id='word_1_275' title='bbox 863 3989 979 4052; x_wconf 82' lang='lat' dir='ltr'><strong>uterque</strong></span> <span class='ocrx_word' id='word_1_276' title='bbox 1003 3983 1087 4067; x_wconf 74' lang='lat' dir='ltr'><strong>penio</strong></span> <span class='ocrx_word' id='word_1_277' title='bbox 1105 3998 1153 4034; x_wconf 87' lang='lat' dir='ltr'><strong>en-</strong></span> 
     </span>
     <span class='ocr_line' id='line_1_35' title="bbox 66 4050 1152 4138; baseline 0 -34"><span class='ocrx_word' id='word_1_278' title='bbox 66 4067 114 4122; x_wconf 79' lang='lat' dir='ltr'><strong>pn</strong></span> <span class='ocrx_word' id='word_1_279' title='bbox 144 4051 272 4114; x_wconf 69' lang='lat' dir='ltr'><strong>Ulixem,</strong></span> <span class='ocrx_word' id='word_1_280' title='bbox 304 4057 336 4103; x_wconf 82' lang='lat' dir='ltr'><strong>nt</strong></span> <span class='ocrx_word' id='word_1_281' title='bbox 359 4050 457 4104; x_wconf 76' lang='lat' dir='ltr'><strong>ceteri·</strong></span> <span class='ocrx_word' id='word_1_282' title='bbox 483 4067 594 4124; x_wconf 86' lang='lat' dir='ltr'><strong>quoque</strong></span> <span class='ocrx_word' id='word_1_283' title='bbox 623 4051 794 4138; x_wconf 44' lang='lat' dir='ltr'><strong>qut3loeie·</strong></span> <span class='ocrx_word' id='word_1_284' title='bbox 818 4059 972 4136; x_wconf 64' lang='lat' dir='ltr'><strong>cnstanter</strong></span> <span class='ocrx_word' id='word_1_285' title='bbox 1000 4053 1152 4138; x_wconf 63' lang='lat' dir='ltr'><strong>exhtbqntt</strong></span> 
     </span>
     <span class='ocr_line' id='line_1_36' title="bbox 64 4119 1151 4266; baseline -0.011 -20"><span class='ocrx_word' id='word_1_286' title='bbox 64 4119 837 4266; x_wconf 60' lang='lat' dir='ltr'><strong>t:“t:li¹⁴qli⁹iit·tti:ttili.,iiiiii:</strong></span> <span class='ocrx_word' id='word_1_287' title='bbox 858 4121 970 4245; x_wconf 66' lang='lat' dir='ltr'><strong>itii</strong></span> <span class='ocrx_word' id='word_1_288' title='bbox 985 4122 1151 4248; x_wconf 66' lang='lat' dir='ltr'><strong>litii?</strong></span> 
     </span>
     <span class='ocr_line' id='line_1_37' title="bbox 64 4260 1146 4338; baseline -0.005 -18"><span class='ocrx_word' id='word_1_289' title='bbox 64 4265 246 4320; x_wconf 68' lang='lat' dir='ltr'><strong>notumne</strong></span> <span class='ocrx_word' id='word_1_290' title='bbox 262 4265 394 4338; x_wconf 63' lang='lat' dir='ltr'><strong>ignoret.</strong></span> <span class='ocrx_word' id='word_1_291' title='bbox 413 4261 463 4320; x_wconf 84' lang='lat' dir='ltr'><strong>ulti</strong></span> <span class='ocrx_word' id='word_1_292' title='bbox 480 4264 565 4320; x_wconf 78' lang='lat' dir='ltr'><strong>ceteri</strong></span> <span class='ocrx_word' id='word_1_293' title='bbox 587 4275 648 4318; x_wconf 78' lang='lat' dir='ltr'><strong>eam</strong></span> <span class='ocrx_word' id='word_1_294' title='bbox 666 4265 800 4336; x_wconf 70' lang='lat' dir='ltr'><strong>ignorent</strong></span> <span class='ocrx_word' id='word_1_295' title='bbox 819 4260 854 4319; x_wconf 82' lang='lat' dir='ltr'><strong>el.</strong></span> <span class='ocrx_word' id='word_1_296' title='bbox 874 4261 910 4316; x_wconf 85' lang='lat' dir='ltr'><strong>ed</strong></span> <span class='ocrx_word' id='word_1_297' title='bbox 930 4263 985 4336; x_wconf 60' lang='lat'><strong>¹4</strong></span> <span class='ocrx_word' id='word_1_298' title='bbox 999 4273 1036 4320; x_wconf 79' lang='lat' dir='ltr'><strong>ct.</strong></span> <span class='ocrx_word' id='word_1_299' title='bbox 1055 4265 1087 4320; x_wconf 84' lang='lat' dir='ltr'><strong>li.</strong></span> <span class='ocrx_word' id='word_1_300' title='bbox 1103 4267 1146 4336; x_wconf 73' lang='lat'><strong>48.</strong></span> 
     </span>
    </p>
   </div>
   <div class='ocr_carea' id='block_1_7' title="bbox 100 4357 940 4426">
    <p class='ocr_par' dir='ltr' id='par_1_9' title="bbox 100 4357 940 4426">
     <span class='ocr_line' id='line_1_38' title="bbox 100 4357 940 4426; baseline 0.017 0"><span class='ocrx_word' id='word_1_301' title='bbox 100 4387 237 4426; x_wconf 67' lang='grc' dir='ltr'><strong>ΏΙΗΗ.</strong></span> <span class='ocrx_word' id='word_1_302' title='bbox 902 4357 940 4420; x_wconf 72' lang='lat'><strong>¹5</strong></span> 
     </span>
    </p>
   </div>
   <div class='ocr_carea' id='block_1_8' title="bbox 0 0 1396 4700">
    <p class='ocr_par' dir='ltr' id='par_1_10' title="bbox 0 0 1396 4700">
     <span class='ocr_line' id='line_1_39' title="bbox 0 0 1396 4700; baseline 0 3"><span class='ocrx_word' id='word_1_303' title='bbox 0 0 1396 4700; x_wconf 95' lang='lat' dir='ltr'><strong> </strong></span> 
     </span>
    </p>
   </div>
  </div>
 </body>
</html>
