2698 4688
467 379 709 432 rxmouu'cuo.
1073 383 1134 432 111

65 581 125 626 mm
146 583 179 627 ea
198 561 373 649 meremus
391 567 606 631 historicorum
627 571 840 653 antiquorum,
865 569 1032 647 Hecataei,
1061 569 1135 632 flet·

68 669 155 750 lanei,
174 673 357 757 Pherecydis
376 677 481 756 Lerii,
506 677 660 756 Acusiiai,
683 678 823 758 Abantis,
844 674 1041 759 Cephalcntis
1056 677 1135 738 Ger·

67 777 160 861 giuti,
183 781 333 862 aliorum,
363 787 397 846 in
417 805 549 868 quorum
571 783 686 848 scilicet
705 785 877 848 fabularum
898 781 1034 847 frustulis
1051 781 1138 844 nulla
1164 859 1167 864 ἱ

65 905 125 946 eum
146 885 295 971 Dictyacis
325 901 370 952 est
392 890 565 959 similitudo.
609 891 803 969 turabulis,
832 913 907 977 quas
927 889 1064 954 nondum
1084 887 1136 950 hi·

64 995 225 1055 doricorum
246 995 457 1060 meditationes
476 1001 656 1082 tetigerant,
677 1001 780 1062 omnia
803 1000 843 1062 ad
857 999 1031 1062 historicam
1046 995 1136 1057 fidem

65 1099 199 1182 redigendi
224 1101 360 1164 studium
379 1104 515 1188 amplum
536 1106 637 1189 Dictyi
659 1105 697 1166 ad
713 1103 946 1168 innumerabiles
967 1103 1136 1185 corruptio-

65 1225 110 1268 nes
127 1221 350 1294 commentaque
370 1213 487 1296 aperuit
506 1233 659 1295 campum.
702 1213 826 1276 Mutatis
848 1213 961 1295 pariter
978 1221 1069 1292 etque
1089 1209 1136 1270 in·

64 1317 140 1377 tectis
153 1317 334 1402 integr-isque
352 1337 460 1400 parum
480 1315 618 1400 religiose
637 1329 667 1380 et
681 1321 768 1382 anxie
780 1317 952 1396 adstrictus,
972 1333 1051 1397 quae
1063 1333 1136 1376 suae

66 1429 92 1480 et
107 1426 203 1486 aetatis
222 1445 295 1488 suae
316 1424 482 1486 conditioni
502 1445 564 1486 non
587 1424 742 1503 addicunt,
764 1445 821 1509 pro
840 1424 940 1488 lubitu
960 1431 1088 1483 renovat
1105 1427 1136 1482 et

67 1527 210 1610 reformem
241 1541 273 1592 et
304 1551 399 1616 aeque
427 1533 571 1594 audacter
589 1529 795 1613 tragicorum,
815 1529 998 1616 cyclicorum
1017 1537 1048 1589 ct
1068 1527 1135 1588 Ho-

65 1640 128 1697 meri
145 1637 258 1701 fabulas
277 1650 390 1716 tentate
411 1639 523 1702 scilicet
543 1649 578 1702 ut
597 1649 750 1722 praetexta
771 1641 933 1720 antiquitas
953 1635 1045 1696 fidem
1057 1655 1135 1696 nan·

66 1741 225 1822 dumus,
257 1765 330 1807 eum
356 1747 492 1830 opor-tuit
519 1765 584 1807 esse
604 1744 796 1826 proprietatis
815 1743 985 1805 studiosum
1002 1762 1038 1804 ac
1060 1761 1133 1806 vere

64 1851 213 1931 [anpnunr.

131 1955 288 2035 Quomodo
308 1955 416 2038 Dictys
435 1956 563 2038 tragicos
584 1965 686 2039 poetas
707 1954 897 2034 tractaverit,
917 1973 953 2016 ex
971 1954 1134 2038 tragoediis

60 2064 323 2148 mgoediarumque
351 2063 476 2125 servatis
502 2065 687 2146 argumentis
710 2061 814 2122 videre
841 2059 920 2122 licet.
963 2061 1132 2143 Praecipue

60 2187 148 2233 more
164 2170 319 2256 amplexus
336 2179 381 2234 est
393 2170 569 2254 Euripidem
584 2173 707 2252 eiusque
721 2168 867 2232 fictiones.
910 2166 1047 2251 Cyclicos
1061 2187 1133 2231 eum

59 2277 225 2341 anteocnlcs
240 2277 392 2352 babuisse,
414 2276 571 2361 multaque
590 2297 625 2338 ex
650 2277 686 2338 iis
706 2275 863 2357 recepisse,
883 2276 986 2358 negari
1005 2276 1132 2338 omnino

58 2401 110 2443 uos
133 2395 245 2467 potesta
277 2387 310 2446 in
331 2381 434 2446 Procli
454 2383 599 2466 excerptis
626 2381 722 2444 multe
742 2389 814 2444 sunt
834 2379 1130 2464 cyclicarum'sebu·

59 2485 146 2551 tm
162 2501 352 2574 argumenta,
372 2509 451 2572 quae
470 2508 489 2550 a
508 2487 700 2571 Septimianis
724 2485 802 2550 nihii
823 2498 876 2550 aut
895 2509 1003 2570 parunt
1017 2491 1132 2554 discre-

58 2607 130 2673 pmt.
168 2597 363 2681 Perspicuum
390 2607 490 2658 autem
510 2597 657 2669 rationis,
687 2615 780 2678 quarn
803 2597 834 2656 iu
854 2595 1038 2678 cycliccrum
1061 2599 1131 2660 imi·

57 2702 159 2764 tatione
177 2715 293 2764 secatus
319 2687 386 2776 sit,¹
409 2701 534 2764 hebebis
561 2701 739 2784 imaginem,
770 2701 796 2760 si
814 2701 937 2781 respicis
956 2701 1129 2784 rationem,

57 2829 111 2888 qua
137 2809 305 2870 Homericae
330 2807 447 2870 fabulas
468 2809 619 2870 tractavit.
662 2806 813 2886 Exprimit
833 2825 922 2888 saepe
941 2805 1128 2888 Homerum,

56 2913 199 3000 multaque
217 2917 334 3000 ungula
355 2915 394 2978 ad
408 2915 537 2976 verbum
551 2913 671 2976 reddite
693 2915 725 2972 iu
741 2911 864 2974 navium
877 2909 1013 2996 catalogo
1029 2933 1129 2996 presse

57 3041 116 3082 eam
132 3025 289 3107 seqnitur-3
311 3023 402 3084 etiam
425 3023 455 3082 in
476 3017 580 3082 multis
599 3016 712 3080 sabulis
738 3037 846 3099 parum
860 3016 901 3078 ab
913 3039 950 3080 cc
966 3019 1125 3103 discrepet.

57 3127 106 3189 Sed
123 3151 169 3193 ras
187 3131 277 3215 longe
297 3129 443 3214 plurimas
466 3127 647 3201 immutavit,
667 3125 801 3200 miscuit,
821 3125 969 3188 condidit.
1011 3127 1128 3192 Rerum

57 3237 133 3298 serice
166 3247 196 3299 et
220 3237 299 3299 crdo
327 3235 505 3318 plerumque
536 3231 629 3308 alius,
665 3230 741 3292 aliae
771 3251 876 3294 rernm
907 3253 1033 3310 causae,
1074 3235 1126 3298 aiii

56 3355 178 3406 aestus.
219 3347 313 3406 Arete
333 3345 441 3426 passim
463 3341 535 3423 legit
554 3338 677 3400 Homeri
699 3337 842 3420 vestigia;
863 3351 943 3402 etex
962 3342 1126 3422 improviso

57 3467 95 3508 rer
111 3449 219 3513 alienas
239 3451 377 3524 innectit,
400 3468 476 3532 quae
497 3467 619 3508 ornnem
642 3442 762 3506 fabulae
783 3443 917 3506 indolem
935 3457 1064 3524 mutant,
1086 3449 1126 3510 ad

58 3553 194 3639 sumque
220 3577 324 3619 casum
349 3575 417 3616 eam
446 3553 610 3616 deducunt.
660 3550 789 3610 Diversa
810 3549 937 3634 legimus
960 3557 1127 3620 certamina

59 3661 222 3744 insubria,
254 3663 388 3724 diversas
408 3679 544 3743 pugnas,
570 3657 704 3719 diversas
724 3657 883 3718 victorias:
915 3659 1038 3722 Graecis
1059 3661 1127 3744 ple-

60 3783 170 3851 rumque
196 3769 356 3830 manifesto
382 3768 463 3830 favet
491 3765 523 3826 in
553 3761 674 3846 procliis
702 3762 828 3844 Dictys:
864 3762 960 3826 muita
987 3767 1066 3830 iacta
1086 3771 1126 3832 ad

60 3869 120 3936 dice
137 3877 218 3939 viros
235 3875 479 3952 transferuuture
501 3871 628 3940 deorum
643 3889 691 3931 res
705 3877 805 3952 gestae
823 3869 1001 3934 tribuuntur
1025 3876 1126 3938 horni-

59 3979 141 4048 sies„
178 3983 324 4046 Confusio
345 4003 433 4066 saepe
460 3989 545 4042 tanta
568 3987 632 4054 eat,
662 3986 698 4039 ut
724 3978 978 4059 comparationem
1008 3983 1127 4046 institui

60 4103 131 4166 pesae
148 4091 295 4173 desperes.
337 4091 447 4172 ingens
470 4087 670 4166 discrepantia
691 4085 721 4144 in
742 4105 780 4146 eo
803 4097 949 4160 versatur,
970 4090 1049 4168 quod
1070 4092 1126 4154 Di·

59 4205 113 4276 dyc
137 4219 257 4261 emnem
284 4195 386 4260 iliadis
412 4191 615 4256 characterem
643 4189 763 4252 ever-tit.
804 4191 854 4253 ira
874 4192 1017 4274 Achillis,
1039 4202 1126 4282 quasi
