2766 4690
381 411 651 464 ontntrurtouns
674 415 710 464 m·
737 415 803 464 111.
831 415 880 464 rr.
1100 385 1170 462 tut

87 600 239 684 promisit,
257 599 285 662 si
303 599 429 660 Troiam
453 610 647 681 expugnaret.
667 599 774 682 Eurip.
798 601 946 669 Andrum.
969 598 1052 684 9663
1073 601 1170 664 Ovid.

86 699 166 762 lior.
189 700 277 776 vlu.
296 699 392 762 Troia
413 709 500 780 capte
520 721 589 760 oum
608 719 674 760 eam
694 698 906 782 Neoptolemus
926 700 1066 776 duxisset,
1088 699 1172 762 lanne

86 797 218 860 Orestes
246 797 342 860 iratus
370 797 543 872 interfecit,
570 805 602 860 et
631 799 817 860 Hermionen
844 797 956 860 'amoro
985 809 1103 880 captam
1136 799 1170 860 in

86 897 318 959 matrimonium
337 899 479 980 suscepit.
502 897 614 980 virgil.
633 900 711 960 Aen.
732 900 790 965 lli.
813 900 872 981 527
889 917 899 974 ς
919 897 1051 958 Pansae.
1075 901 1100 959 1.
1115 901 1168 978 33;

90 997 193 1062 Tacta.
214 995 255 1058 ad
275 998 351 1080 Lyc.
375 995 473 1080 1374,
505 1009 609 1060 noster
628 997 717 1064 inira.
759 997 857 1060 Paulo
876 995 967 1058 aliter
987 995 1081 1058 tradit
1103 997 1169 1079 lly-

88 1095 154 1178 gin.
173 1095 233 1162 feb.
261 1097 330 1164 123.
862 1083 873 1112 ⁰

175 1195 215 1256 V.
250 1217 311 1280 per
325 1197 407 1258 1111111
427 1211 543 1282 tempus
561 1195 807 1260 UlicesCretom
831 1196 971 1281 appellem
985 1196 1056 1272 cet.)
1079 1195 1169 1258 Haud

90 1295 133 1356 ita
152 1293 250 1358 multo
271 1307 337 1378 post
358 1297 462 1358 Ulixes
484 1319 554 1358 eom
574 1297 692 1360 duabus
712 1297 861 1372 navibus,
896 1295 1032 1358 mercede
1049 1295 1170 1358 condu-

90 1393 166 1472 ctis,
187 1395 310 1458 Cretam
333 1393 474 1478 appulit,
494 1395 675 1478 ademtaqne
695 1400 734 1472 ei,
758 1417 836 1479 quae
855 1417 889 1458 ex
913 1397 1006 1456 'Proin
1026 1395 1171 1477 habebnt,

91 1511 112 1552 a
131 1493 290 1556 maritimis
317 1494 522 1577 praedonibus
558 1507 645 1558 eram
670 1497 783 1561 omnia.
834 1498 933 1578 Atque
954 1507 1111 1578 praetereo
1130 1495 1170 1556 nb

91 1591 204 1654 Aiacis
229 1594 386 1658 comitibus
417 1603 522 1676 captus
552 1603 584 1656 et
607 1593 639 1654 in
669 1615 825 1656 carcerem
846 1596 1013 1673 coniectus,
1035 1594 1171 1676 obreptio

91 1691 251 1772 omnibus,
278 1713 356 1776 qnae
386 1715 488 1756 mcum
517 1695 670 1774 ducebat,
693 1696 859 1776 mortisque
888 1696 1073 1771 damnatus,
1101 1714 1170 1754 cns·

91 1790 236 1873 pendium
257 1792 438 1854 destinatum
461 1791 538 1856 dolia
556 1792 669 1874 effugit.
710 1793 791 1854 Tum
813 1796 844 1854 in
867 1783 976 1854 Manli
989 1796 1019 1870 (1.
1041 1813 1068 1859 e.
1088 1791 1170 1852 Nau-

91 1890 159 1974 plii)
179 1895 281 1976 regis,
316 1893 411 1956 vitam
431 1893 530 1956 Ulixis
566 1893 607 1956 ob
643 1893 765 1956 medem
792 1891 846 1954 liiii
867 1892 1037 1954 Palamedis
1062 1911 1173 1973 magno

93 1993 195 2055 undio
213 1995 404 2077 appetentis,
433 2016 541 2058 manus
571 2017 642 2058 eum
668 1996 855 2073 devenisset,
880 1995 972 2055 etiarn
996 1994 1082 2055 istius
1100 2013 1173 2058 con·

92 2091 169 2156 siliis
197 2093 303 2155 fraude
332 2115 365 2156 se
384 2096 511 2177 eripuit.
554 2097 652 2178 Atque
686 2097 730 2156 ita
750 2093 833 2156 exsul
855 2105 884 2156 et
904 2113 1016 2176 egenus
1037 2092 1076 2152 ad
1099 2091 1171 2152 ido-

91 2213 233 2258 meneum
263 2195 365 2273 venit,
386 2213 404 2256 a
425 2215 486 2276 quo
505 2215 576 2262 enm
605 2194 716 2256 laetitia
737 2203 768 2256 et
788 2194 991 2255 admiratione
1009 2202 1171 2274 exceptus,

91 2295 362 2376 interrogatusque,
383 2293 536 2376 quomodo
557 2303 671 2354 tantam
687 2304 897 2375 paupertatem
918 2295 1106 2370 incurrisset,
1128 2296 1174 2357 ita

93 2396 233 2454 narrarit
255 2393 360 2455 Ulixes
380 2393 455 2474 (rid.
479 2393 578 2471 inira).
603 2392 726 2453 liena-ie.
750 2413 778 2452 e.
802 2391 851 2454 88.
873 2391 924 2456 101.
955 2392 1021 2474 ¹59·
1042 2425 1082 2438 -
1102 2390 1176 2452 Uli·

93 2491 139 2553 ais
160 2491 333 2554 adetnm
355 2491 514 2574 appulsum
536 2491 656 2555 ridetur
678 2489 819 2552 sumsisse
827 2491 936 2573 Dictys
959 2511 994 2552 ex
1015 2491 1083 2550 fieta
1106 2487 1178 2551 aar·

92 2591 212 2652 ratione
231 2591 314 2672 apud
335 2591 429 2652 liom.
449 2589 513 2653 Od.
526 2590 611 2655 XIV.
646 2590 698 2651 ubi
720 2591 958 2650 comminiscitur
977 2588 1083 2650 Ulixes
1104 2590 1178 2650 Cre·

93 2693 160 2750 tam
176 2709 209 2751 se
229 2691 344 2753 venius
373 2693 415 2770 (ν.
438 2696 538 2774 1991,
561 2689 663 2771 ibique
684 2689 795 2750 vidisse
814 2686 987 2750 Menelaum
1006 2689 1087 2770 apud
1108 2687 1180 2750 ido-

93 2807 233 2852 rnenenm
251 2810 342 2854 nares
366 2789 551 2854 reficientem
571 2791 613 2862 lv.
628 2787 722 2866 tua).
777 2799 782 2806 ’

177 2889 277 2951 multe
298 2921 338 2938 -·
355 2911 416 2976 per
449 2890 560 2952 letum
578 2889 715 2971 quaesita
736 2887 877 2972 praedo)
920 2885 1011 2948 iiom.
1035 2887 1097 2952 0d.
1119 2887 1177 2984 111.

93 2989 147 3072 39.
189 2990 330 3054 Pretiosa
361 2989 444 3053 dona
464 3009 554 3050 suma
583 2999 613 3050 et
634 2998 775 3072 argentea
804 2997 1020 3049 commemorat
1051 2987 1180 3052 ilenric.

91 3089 145 3153 fni
170 3089 442 3271 Ιξῖἱοιορῆῡὸω)
483 3181 628 3268 Bellaque
648 3205 718 3248 enm
743 3184 780 3247 118
801 3184 901 3269 8⁰⁸⁸ll’
924 3192 999 3246 “⁸¹⁰
1019 3183 1133 3248 mela
1157 3209 1185 3269 μ

96 3285 172 3367 145ς
195 3287 278 3371 quod
299 3296 345 3348 est
365 3296 475 3348 eontra
501 3285 589 3346 Hom.
610 3285 667 3348 od.
690 3286 745 3352 IX.
769 3285 822 3351 83.
863 3283 1095 3367 ‘intelliguntur
1115 3289 1177 3346 Lo·
1304 3367 1309 3377 ι

89 3385 238 3469 topbagi,
266 3387 320 3468 qui
344 3385 516 3465 Meningem
539 3383 696 3458 incolunt,
724 3386 853 3446 alteram
891 3383 1079 3462 insularum,
1100 3407 1179 3466 quoe

90 3486 174 3567 Syrti
202 3484 311 3546 minori
339 3491 545 3566 opponuntur.
577 3502 606 3547 r.
635 3482 738 3548 Strab.
760 3484 819 3542 111.
841 3505 872 3565 p.
898 3487 977 3561 1083
997 3482 1122 3566 ¹Polyb.
1149 3487 1174 3546 1.

91 3587 144 3667 39.
170 3605 210 3663 ²3
231 3585 313 3648 Plin.
336 3585 375 3647 V.
400 3581 430 3662 4.
472 3583 508 3642 ln
530 3603 591 3664 qna
612 3581 710 3643 insula
727 3577 833 3661 βωμὸς
851 3578 1034 3656 Ὀδυσσέως.
1056 3603 1085 3648 r.
1108 3578 1173 3644 nu·-

90 3681 184 3749 stath.
204 3683 244 3745 ad
265 3685 344 3744 Dion
347 3705 393 3766 ys.
414 3682 536 3762 Perieg.
558 3703 588 3762 p.
612 3679 665 3740 68.

168 3803 230 3868 per
256 3783 389 3866 Cyclopa
409 3793 439 3842 et
455 3779 673 3860 Laestrygone
680 3781 812 3858 fratres)
864 3781 1005 3858 Quorum
1026 3778 1079 3840 iiiii
1104 3781 1172 3840 dn«

89 3879 219 3962 tipbatea
249 3891 280 3941 et
305 3879 532 3963 Polyphemus,
561 3890 596 3938 nt
621 3879 699 3938 inira
725 3879 880 3942 scribitur.
930 3881 970 3940 tt
1007 3899 1041 3940 es
1063 3881 1172 3961 Dictys

90 3979 217 4044 Maieias
240 4002 273 4063 p.
310 3981 366 4056 145
387 4001 451 4062 sqq.
483 3979 536 4060 qni
566 3979 770 4061 Laestrygona
793 3979 933 4059 ignoret,
953 3979 1062 4040 fratres
1082 3991 1171 4042 vocat

91 4079 224 4163 Cyclopa
237 4124 247 4157 ,
268 4079 484 4161 Antiphantem
508 4089 538 4138 et
556 4077 799 4160 Polyphemum,
830 4077 931 4141 Sicani
948 4077 1066 4140 Siciliae
1089 4079 1171 4162 regis

91 4179 184 4240 filios:
207 4199 338 4261 qnorum
370 4176 574 4258 Antiphantes
594 4176 868 4258 Laestrygouibns,
904 4176 1035 4262 Cyclops
1056 4177 1099 4240 illi
1119 4201 1170 4241 re·

92 4280 186 4358 gioni,
211 4277 265 4342 ubi
288 4276 424 4360 Cyclopii
445 4285 580 4354 montes,
600 4277 709 4338 tertiae
728 4275 828 4338 Sicani
850 4279 929 4363 regis
951 4280 1066 4364 imperii
1091 4279 1170 4364 parti

253 4597 312 4658 Δ
