2726 4686
646 361 765 412 utctt‘a
790 361 967 412 CllllTENSlS

201 623 208 644 .
258 554 407 659 magnis
432 550 627 632 dolo'rihtn
652 552 856 642 consolati,
883 570 928 627 ut
953 552 1115 628 viriliter
1141 551 1319 630 incommc

258 673 353 748 dum
380 674 517 755 ferret,
542 667 811 773 deprecantur.
862 673 914 744 At
936 668 1145 772 Telephus,
1184 668 1254 744 uhi
1279 672 1319 742 ali

251 805 449 892 quantum
472 786 624 887 requies
648 783 791 860 doloris
810 784 1080 870 intercesserat,
1105 787 1269 862 Graecos
1288 787 1319 858 in

253 927 408 991 curare,
441 899 553 1004 quod
585 925 636 976 ne
668 901 855 976 nuntium
887 901 1046 1004 quidem
1078 900 1319 977 adventasse

254 1017 548 1122 praemisissent·
573 1013 676 1092 Dein
697 1033 958 1119 percontatur,
970 1017 1135 1118 quinam
1153 1033 1192 1090 et
1207 1033 1319 1119 quant

252 1130 460 1237 Pelopidae
486 1130 527 1206 in
552 1120 606 1205 en'
621 1131 765 1207 militia
796 1149 941 1226 essent:
980 1131 1189 1234 doctusque
1213 1131 1319 1206 multi

252 1249 434 1354 precihus
453 1265 548 1332 orat,
573 1264 620 1323 ut
643 1245 693 1322 ad
715 1272 753 1322 ae
777 1273 909 1323 omnes
932 1247 1098 1322 veniant.
1146 1250 1259 1322 Tunc
1278 1275 1319 1322 no

252 1364 322 1440 etri
345 1365 513 1438 facturos
537 1387 593 1452 se,
617 1388 718 1465 quae
742 1363 871 1445 vellet,
899 1363 1084 1468 polliciti,
1110 1359 1319 1436 desideriun

253 1476 352 1579 regis
376 1478 536 1580 reliquia
557 1478 799 1556 nunciavere.
837 1478 962 1579 Igitur
979 1501 1109 1552 omnes
1126 1477 1319 1582 Pelopidae

251 1611 406 1700 praeter
435 1603 760 1698 Agamemnonem
793 1612 833 1670 et
863 1596 1099 1678 Menelaum,
1136 1594 1180 1670 in
1215 1623 1319 1670 unun

248 1711 467 1814 congregati
488 1709 539 1784 nd
561 1710 777 1814 Telephum
797 1709 970 1800 veniunt,
997 1709 1319 1813 multumquegra

254 1827 454 1903 tulationis
477 1843 595 1930 atque
620 1825 788 1902 laetitiae
807 1825 1021 1931 praesentia
1045 1851 1113 1904 sua
1133 1826 1212 1928 regi
1229 1828 1319 1901 obtu

248 1945 348 2019 lere:
373 1969 419 2020 ac
443 1941 583 2018 deinde
607 1944 835 2018 muneribus
859 1942 1017 2044 largiter
1042 1942 1187 2034 donati,
1212 1943 1318 2048 hospi

250 2059 310 2134 :tio
326 2059 583 2162 recipiuntur.
631 2059 764 2160 Neque
783 2075 911 2134 tamen
929 2059 1037 2134 miles
1062 2059 1245 2162 reliquus,
1271 2087 1319 2160 qu

249 2174 358 2279 apud
384 2201 495 2250 naves
518 2191 617 2260 erat,
649 2174 940 2250 munificentiae
970 2175 1069 2278 regie
1093 2201 1224 2280 expers
1248 2175 1319 2250 fuit

249 2317 423 2392 namque
453 2316 499 2366 ex
531 2316 694 2368 numero
724 2293 883 2368 navium
916 2292 1159 2368 frumentum
1190 2292 1318 2394 alinqu

255 2408 463 2484 neccssaria
487 2409 635 2484 affatim
661 2410 929 2516 portabantur.
974 2410 1158 2484 Ceterum
1185 2433 1251 2484 rex
1274 2409 1318 2482 ul

251 2527 578 2627 Agamemnonem
614 2525 853 2626 fratremque
888 2523 971 2600 eius
1011 2525 1136 2602 abesae
1174 2525 1318 2600 animae

253 2641 380 2731 vertit,
407 2643 540 2718 multis
564 2643 744 2748 precibus
769 2643 920 2717 Ulixem
946 2639 1192 2746 deprecatur,
1219 2643 1318 2718 ntia

246 2777 317 2831 «eoa
350 2756 550 2834 acciendos
582 2774 770 2863 pergeret
821 2757 873 2832 Hi
899 2756 1031 2860 itaque
1040 2755 1105 2854 >d
1129 2757 1318 2861 Telephur

249 2870 435 2962 veniunt,
460 2899 635 2950 nemore
659 2873 764 2975 regio
790 2873 954 2950 invicem
978 2873 1141 2978 acceptis
1173 2870 1317 2976 datisqu

143 2989 146 2995 '
246 2983 374 3076 donis,
400 2987 653 3066 Machaonem
670 3007 711 3064 et
726 2987 978 3079 Podalirium
1000 2989 1215 3094 Aesculapii
1237 2991 1317 3063 lilio

251 3099 384 3176 venire
416 3127 462 3176 ac
493 3103 646 3180 vulneri
679 3101 824 3180 mederi
850 3103 1007 3182 iubent:
1043 3103 1133 3209 qui,
1173 3105 1317 3209 inspect

255 3280 515 3300 *ua—...-

154 3437 159 3457 ,
253 3385 305 3438 Ed.
323 3383 408 3439 Princ.
436 3383 503 3438 dein
517 3385 725 3456 precabantur,
751 3390 771 3442 l.
790 3406 813 3442 e.
835 3387 1079 3462 deprecabantur,
1098 3395 1130 3442 ut
1149 3387 1301 3442 excuditur

254 3456 305 3508 Et.
325 3457 397 3509 Crat.
420 3467 448 3508 et
466 3457 559 3520 Marc,
577 3457 746 3530 laudantque
766 3459 943 3532 Oudendorp.
962 3463 996 3516 ad
1014 3461 1092 3530 Apul.
1110 3461 1176 3512 Met.
1191 3461 1236 3513 ll.
1249 3461 1316 3528 μῦ(

253 3531 282 3576 rt
305 3527 393 3584 navis,
417 3526 452 3578 ad
473 3529 549 3583 duct.
569 3529 596 3578 B.
616 3528 697 3580 Afric.
719 3531 952 3584 Sn'Conrensum
972 3533 997 3586 S.
1021 3533 1091 3584 Gatt.
1112 3547 1164 3582 sec
1185 3531 1229 3586 lll.
1250 3539 1277 3580 et
1300 3531 1316 3580 E

252 3595 318 3646 Obr.
339 3601 418 3667 aequi
439 3601 524 3652 satine
542 3600 638 3650 virum.
676 3600 717 3651 De
736 3605 867 3672 temporit
886 3603 1008 3672 enallage
1025 3617 1179 3674 pervenere
1202 3629 1236 3640 -
1250 3598 1316 3669 depr

255 3679 359 3721 cantur
377 3670 433 3719 «lixi
454 3669 482 3718 iu
501 3669 589 3720 Glott.
612 3668 646 3720 ad
666 3673 685 3722 l.
703 3687 746 3724 aa.

320 3751 504 3820 percontatur
519 3739 645 3812 quinam)
681 3743 758 3796 Bern.
777 3753 1003 3815 percunctantur.
1022 3759 1046 3796 v.
1063 3739 1097 3794 ad
1115 3742 1164 3794 lll.
1176 3759 1202 3811 9.
1232 3739 1259 3792 S.
1276 3739 1316 3788 Ga

253 3823 319 3879 opp·
347 3809 523 3964 didimion)
566 3881 606 3933 lta
632 3882 697 3934 libri
726 3881 796 3946 mci,
819 3899 876 3934 non
915 3883 990 3936 Tum.
1037 3881 1112 3934 lnlra
1134 3879 1161 3933 8.
1190 3879 1264 3932 Gall.
1285 3897 1315 3950 op

248 3949 820 4096 vellehlurlldrehtalldi)qulldldllrldgm'ssc.
839 4019 912 4075 Infra
930 4023 1010 4074 Bern.
1032 4019 1133 4076 Ulixen
1150 4019 1186 4092 (v.
1201 4019 1236 4072 nd
1250 4019 1298 4078 Vl.

259 4088 488 4233 deprggailgqqage.)
523 4162 551 4224 S.
569 4161 640 4216 Gall.
662 4179 728 4234 opp.
746 4169 775 4217 et
792 4163 840 4216 Ed.
860 4161 942 4216 llere.
961 4161 1044 4235 hique
1057 4165 1115 4224 ἰἰα.
1148 4159 1304 4232 *Wopkens

264 4229 305 4283 18.
325 4229 384 4282 vult
401 4245 484 4301 atque
502 4233 553 4288 ita.
