2698 4688
536 312 765 366 DlSSERTmO·
1118 318 1178 368 LX!

171 499 260 562 v111.
303 501 366 564 Sed
384 500 432 564 rel
455 505 584 567 maxime
616 503 647 566 id
670 503 765 587 liquet
786 524 821 566 ex
842 506 884 569 lo.
904 503 1037 580 Mulela,
1062 507 1086 565 si
1109 525 1178 596 curn

91 610 196 662 nostro
216 603 395 664 conseratur
414 602 558 688 Septimio
580 603 683 678 iniis,
705 624 783 685 quae
808 603 966 698 exDictpe
991 623 1023 662 se
1045 602 1179 682 hausisse

92 699 263 780 profitetur.
283 701 370 763 Adeo
383 705 465 766 enim
477 714 650 786 congruont
666 703 747 780 istic,
760 705 862 764 nonin
876 702 1035 764 historiam
1048 711 1179 781 tanturn,

91 799 142 860 sed
171 810 202 862 et
233 803 264 862 in
293 802 433 864 ordinem
456 823 617 864 rerumne
641 802 824 880 verborum,
859 812 893 862 ut
913 815 1020 864 caccus
1036 789 1103 863 esse
1124 800 1180 878 de7·

91 896 159 960 boet
176 910 231 962 sut
253 899 443 982 obstinatus,
463 905 515 986 qui
537 914 643 984 neget,
668 902 756 964 illurn
779 902 921 964 habuisse
939 912 1099 980 nostrum,
1123 900 1179 964 sed

92 1001 239 1062 Graecum
275 1014 400 1078 tarum,
432 1003 546 1086 Dictyn
576 1010 649 1063 ante
678 1001 793 1064 oculos.
833 1001 1003 1085 Specimina
1027 999 1179 1082 quaedem

90 1099 276 1179 proferemus
305 1122 396 1181 mor,
429 1113 464 1162 ut
486 1101 701 1178 ostendamus,
723 1101 902 1184 Septimium
924 1122 959 1164 ex
980 1103 1098 1164 Graeco
1120 1101 1179 1162 Di-

92 1208 157 1280 ctpe
177 1198 255 1262 banc
276 1203 475 1264 concinnasse
497 1203 680 1264 versionem

172 1299 231 1360 IX.
252 1299 354 1362 Multa
373 1313 474 1362 tamen
499 1311 529 1362 et
550 1300 609 1362 alia
631 1301 733 1376 babet,
757 1322 837 1384 quae
858 1299 942 1386 apud
954 1310 1094 1364 nostrum
1114 1320 1179 1362 non

93 1412 275 1484 comparent,
298 1400 397 1464 multa
419 1400 513 1462 etiam
533 1399 631 1462 aliter.
653 1401 769 1464 Prioris
789 1400 908 1485 generis
930 1413 1002 1463 suut
1021 1401 1177 1463 characte-

95 1517 139 1558 res
161 1509 190 1560 et
211 1497 431 1583 descriptiones
444 1501 630 1562 Graecorum
641 1499 906 1583 Troianorumque
919 1500 1032 1561 ducum
1053 1521 1088 1561 ac
1111 1522 1176 1561 rna·

96 1607 259 1674 tronarum,
283 1620 359 1682 quas
380 1599 507 1664 Malelas
528 1609 561 1662 et
581 1603 681 1661 lsacus
700 1600 984 1684 Porphyrogenitus
1008 1587 1120 1682 pariter
1141 1620 1177 1660 cs

97 1695 197 1782 Dictye
217 1703 359 1762 sumsisse
381 1721 413 1763 sc
435 1701 577 1782 tradunt,
599 1698 669 1761 licet
689 1698 744 1783 ipsi
767 1701 797 1760 in
823 1701 925 1762 vorbis
946 1699 1075 1780 multum
1097 1721 1177 1784 quo-

98 1818 151 1878 quc
166 1800 251 1860 inter
271 1821 304 1860 se
323 1821 410 1883 saepe
429 1800 567 1878 diversi,
602 1811 632 1861 et
653 1821 728 1883 quas
749 1801 781 1859 in
803 1811 910 1862 nostro
931 1803 1042 1886 Dictye
1062 1801 1177 1862 frustra

96 1917 237 1977 quaeras:
260 1919 323 1982 quo
346 1909 523 1986 argumento
544 1900 636 1961 lanus
657 1898 833 1984 Rutgersius
856 1899 933 1960 Var.
957 1897 1041 1966 Lect.
1062 1897 1102 1960 V.
1123 1919 1175 1960 ao.

99 1996 202 2066 ubils.
222 1997 497 2083 Porphyrogeniti
512 1999 701 2062 characteres
722 2021 757 2060 ex
779 1999 865 2060 usto
885 1996 1069 2064 Amstelaed.
1092 1981 1177 2058 exbi-

96 2093 153 2172 bet,
171 2119 247 2161 eum
266 2110 368 2162 censet
387 2101 570 2178 autolium,
598 2120 690 2184 quam
709 2119 764 2161 uos
787 2100 937 2178 babemus,
962 2100 1099 2160 tetresse
1114 2097 1177 2160 Dr-

96 2209 165 2274 erpa,
190 2212 247 2260 aut
264 2200 415 2263 memoria
434 2200 568 2284 lapsum,
595 2199 715 2285 quando
732 2218 802 2260 suos
825 2199 1041 2260 clmracterese
1063 2197 1176 2278 Dictys

97 2316 124 2354 se
149 2301 283 2360 annuisse
301 2299 387 2361 dicit.
440 2300 484 2359 At
505 2320 581 2360 vero
603 2320 664 2358 non
686 2297 738 2359 ille
758 2308 900 2380 tantum,
920 2296 973 2360 sed
996 2307 1027 2360 et
1047 2295 1175 2360 Malclas

98 2413 130 2452 ex
148 2395 258 2480 Dictys
280 2419 313 2460 se
334 2419 384 2458 eos
408 2399 564 2480 repetiisse
586 2397 680 2458 tradit
701 2418 730 2481 p.
756 2394 824 2478 154.

173 2498 219 2558 X.
262 2497 370 2582 Neque
384 2498 493 2562 mirum
511 2499 599 2576 adeo,
613 2499 759 2586 innostro
773 2519 834 2559 nou
851 2495 980 2579 reperiri
1000 2516 1062 2570 eos,
1078 2516 1174 2579 quum

100 2593 250 2678 Septimius
269 2597 383 2659 diserte
401 2609 550 2675 testetur,
575 2619 609 2659 se
629 2597 743 2681 Dictyn
765 2600 916 2659 Graecum
937 2593 1130 2675 contraxisse,
1146 2606 1176 2656 et

104 2695 159 2756 eius
175 2700 344 2783 posteriore
364 2710 462 2776 certe,
482 2710 611 2782 quatuor
629 2698 674 2758 vel
687 2701 834 2781 quinque,
855 2694 1010 2788 volumina
1033 2697 1065 2755 iu
1085 2715 1176 2755 unum

102 2792 252 2876 redegisse.
294 2796 435 2858 Priorum
458 2798 580 2881 quidem
602 2800 644 2858 ait
664 2797 835 2857 secundem
858 2814 994 2856 seruasse
1005 2813 1173 2871 numerum,

100 2893 147 2954 sed
164 2917 233 2956 cum
253 2895 373 2957 delecto
393 2896 476 2957 baud
496 2897 588 2959 dubie
599 2943 609 2987 ,
633 2908 664 2958 et
684 2894 771 2958 solita
793 2896 967 2958 versionum
987 2895 1075 2956 istius
1098 2904 1178 2953 tem·

98 2995 174 3074 poris
195 2995 333 3058 libertate
350 3004 394 3076 (ut
415 2994 463 3058 vel
486 3018 520 3058 er
544 2996 666 3071 Rufino,
690 2995 807 3077 losephi
828 2999 1006 3075 interprete,
1023 2998 1174 3081 constat),

100 3103 181 3176 atque
199 3095 277 3158 adeo
293 3098 346 3170 ita,
370 3112 403 3156 ut
416 3097 444 3155 in
462 3098 496 3158 iis
508 3097 661 3179 prioribus
674 3117 797 3180 quoque
813 3095 1069 3178 praetermitteret
1080 3115 1173 3177 quae·

100 3191 180 3274 darn,
202 3193 251 3256 rel
284 3197 396 3278 quibus
424 3218 533 3279 parum
553 3199 617 3278 ipse
648 3196 873 3273 delectabatur,
897 3196 945 3257 vel
966 3216 1045 3277 quae
1065 3195 1106 3256 ad
1125 3217 1176 3256 ar-

100 3307 267 3372 gumentum
283 3296 458 3357 ornandum
475 3305 531 3357 aut
555 3295 763 3357 instruendum
784 3295 886 3357 minus
907 3296 1050 3356 censebat
1069 3315 1175 3354 ueces-

99 3395 181 3454 saria.
222 3394 302 3456 Nam
324 3393 408 3476 quod
429 3393 580 3480 affirmat,
602 3417 634 3457 se
658 3415 718 3473 eo,
745 3396 792 3456 uti
809 3409 916 3474 erunt,
947 3395 1059 3455 Latine
1080 3393 1176 3453 dr'ssc·

99 3493 198 3572 ruisse,
218 3494 251 3568 id
271 3515 358 3572 sero,
373 3516 468 3578 quum
480 3497 512 3555 in
534 3496 710 3556 universum
732 3493 770 3555 de
789 3503 855 3555 toto
877 3493 1000 3554 dicatur
1018 3490 1177 3576 opusculo,

101 3595 178 3656 arius
197 3606 299 3657 tamen
320 3597 474 3676 posterior
498 3594 754 3678 persicertissime
773 3615 807 3655 ex
821 3591 1177 3677 pluribusvoluminibus

100 3695 239 3756 bunum
261 3708 306 3758 est
326 3706 505 3776 contracta,
528 3693 759 3778 intelligendum
782 3716 855 3778 ergo
878 3695 942 3777 ita,
965 3704 1084 3755 utnon
1107 3702 1177 3754 tou·

103 3803 160 3854 turn
183 3795 258 3858 nihil
279 3817 381 3860 rerum
406 3795 445 3858 de
465 3815 520 3856 suo
539 3796 694 3876 scripserit
713 3804 766 3854 aut
792 3793 916 3856 aliunde
941 3793 1099 3864 adiecerit,
1122 3790 1177 3851 sed

105 3913 189 3976 ueque
218 3893 386 3980 quidquam
416 3896 623 3956 immutaverit
652 3915 687 3953 cx
716 3894 772 3972 iis,
795 3913 872 3977 quae
891 3894 1026 3954 Graecus
1046 3888 1099 3951 ille
1120 3890 1176 3950 Di·

102 4003 159 4074 ctys
175 3997 339 4057 memoriae
360 3994 544 4078 prodiderat.
567 3994 656 4055 Certe
678 3995 759 4054 enirn
782 3995 916 4054 omisisse
937 4013 1007 4053 euru
1028 3987 1176 4050 nonnulla

102 4103 147 4152 aut
167 4095 289 4158 brevius
310 4097 490 4178 exqmsnisse,
512 4097 602 4156 etiam
627 4098 657 4153 iu
678 4095 845 4175 prioribus,
860 4092 1050 4153 manifestum
1072 4112 1106 4152 ex
1128 4111 1175 4167 eo,

103 4193 174 4272 quod
194 4193 341 4280 pleraque
357 4196 461 4259 eadem
483 4193 586 4280 plane,
605 4192 818 4258 sednouuulla
838 4191 997 4272 concisius,
1019 4189 1176 4276 complura
