2724 4680
168 315 214 383 Ἀ
559 321 721 380 otum
736 321 894 380 PHRYOE

171 499 346 572 adveniens
360 499 490 587 occidit,
517 513 550 570 et
568 525 610 572 ex
626 505 747 595 proelio
769 503 891 572 uehere
909 502 1030 593 coepit:
1055 514 1088 568 et
1107 505 1295 572 subtraha-

172 618 239 687 set,
266 607 329 671 nisi
348 605 501 672 Memnon
522 609 705 698 eripuisset,
732 620 765 674 et
786 609 936 674 Achillem
957 609 1087 674 vulnere
1100 609 1293 674 mudena.

171 709 306 778 Achilles
320 707 361 775 de
374 711 495 800 proelio
510 714 634 778 saucius
646 711 737 778 redit.
787 711 938 778 Memnon
949 711 1140 798 insequitur,
1169 725 1204 776 et
1216 735 1290 777 orm

172 815 279 880 multis
293 814 535 903 impressionem
546 816 631 882 lacit.
681 817 725 883 Ut
737 817 876 906 respexit
888 837 960 880 eum
973 815 1119 894 Achilles,
1138 814 1291 902 viditque

172 941 246 984 eum
257 919 374 982 instare
391 927 424 982 et
439 919 565 1002 laetari,
585 919 717 985 restititr
750 932 855 984 curato
873 919 977 1006 itaque
995 919 1143 998 vulnere,
1173 931 1208 984 et
1229 921 1288 983 ali-

173 1023 356 1110 quantulum
379 1025 566 1111 proeliatus,
598 1023 803 1090 Memnonem
830 1025 937 1088 multis
963 1023 1063 1110 plegio
1086 1021 1225 1086 occidit:
1254 1035 1288 1086 et

171 1127 242 1216 ipse
256 1127 435 1190 vulneratus
449 1127 538 1192 abeo
554 1149 596 1192 ex
610 1127 731 1217 proelio
744 1127 882 1192 recessit.
931 1125 1101 1212 Postquam
1116 1125 1287 1190 Persam

172 1227 238 1294 dux
253 1230 373 1294 occisus
387 1241 452 1312 est,
477 1242 510 1296 et
530 1231 741 1297 Troianorum
760 1231 913 1296 exercitus
929 1232 1016 1293 usus
1028 1241 1094 1308 est,
1120 1231 1237 1316 reliqui
1250 1231 1285 1293 in

171 1332 325 1422 oppidum
340 1335 542 1418 confugerunt
557 1345 725 1426 portusque
744 1335 926 1398 clauserunt.
976 1332 1138 1398 Proelium
1150 1357 1221 1398 nox
1235 1333 1284 1397 di-

170 1439 267 1502 rimit.
317 1437 446 1502 Postera
466 1436 519 1502 die
538 1459 558 1502 e
577 1438 703 1504 Priamo
725 1438 819 1520 legati
838 1435 880 1500 ud
899 1437 1169 1520 Agamemnonem
1193 1436 1283 1501 missi

170 1552 259 1623 sunt,
285 1552 321 1604 ut
334 1537 476 1607 inducias
493 1553 644 1631 peterent.
693 1541 907 1623 Agamemnon
928 1561 970 1606 ex
987 1540 1113 1605 consilii
1129 1541 1282 1604 sententia

169 1645 205 1710 in
219 1643 288 1708 dies
302 1645 428 1728 triginta
438 1643 581 1714 induciae
594 1645 679 1712 facie
716 1644 858 1710 Pn'smus
871 1641 1013 1708 Troilum
1030 1655 1063 1708 et
1076 1643 1282 1709 Memnonem

168 1748 336 1830 magnifico
356 1751 465 1815 funere
489 1751 597 1816 efferte
629 1761 809 1838 ceterosque
831 1749 947 1814 milites
974 1748 1099 1836 utrique
1125 1749 1281 1838 sepelien-

170 1847 231 1916 dos
245 1859 362 1915 curent.

583 2019 674 2090 Gar.
699 2021 866 2090 XXXIV·

267 2155 400 2222 Hecube
413 2167 554 2239 mosem,
578 2158 664 2246 quod
675 2158 738 2225 duo
752 2159 891 2224 tiliieiua
913 2157 1091 2237 fortissimi,
1112 2155 1232 2220 Hector
1243 2167 1280 2220 et

168 2259 310 2341 Troilus,
335 2261 376 2324 uh
391 2261 507 2326 Achille
525 2262 680 2330 interfecti
692 2275 805 2344 essent,
831 2262 999 2328 consilium
1012 2261 1161 2326 muliebre
1174 2273 1278 2324 tenre-
1349 2303 1350 2321 ι

170 2365 288 2430 retium
302 2364 373 2428 iniit
388 2361 431 2429 ad
443 2363 587 2432 dolorem
599 2389 691 2432 suarm
705 2349 924 2434 ulciscendum.
953 2363 1167 2431 Alexandrum
1178 2365 1274 2428 lilium

168 2468 314 2548 emersit,
332 2480 420 2550 oret,
441 2469 598 2551 hortetur,
623 2483 659 2536 ut
673 2493 709 2536 se
721 2483 754 2536 et
774 2491 849 2536 suos
866 2471 977 2534 iratres
990 2469 1175 2548 ulciscetur,
1199 2468 1274 2532 insi-

169 2571 240 2638 dias
253 2571 364 2636 Achilli
372 2573 481 2654 faciet,
507 2585 541 2638 et
553 2595 628 2640 eum
643 2596 700 2639 nee
713 2574 895 2664 opinentur
910 2571 1046 2640 occidere
1071 2573 1222 2660 quoniam
1235 2567 1274 2633 ad

169 2675 356 2756 semiserit,
375 2685 408 2741 et
420 2679 592 2759 rogaverit,
615 2677 898 2762 utaibiPolyxena
918 2679 953 2742 in
967 2677 1173 2742 matrimonio
1187 2674 1273 2738 due·

168 2789 235 2860 tur,
261 2799 297 2844 ae
319 2776 362 2842 ed
382 2801 457 2845 eum
476 2781 908 2863 missuraml'riantiverhis,
932 2793 1091 2869 utpacem
1103 2778 1273 2864 ioeduaque

166 2883 249 2948 inter
267 2903 303 2948 re
325 2881 449 2948 firment
468 2885 733 2972 constituuntque,
760 2886 795 2950 in
815 2889 895 2952 fano
914 2885 1064 2972 Apollinis
1082 2881 1272 2968 Thymbraei

167 2997 397 3074 anteponam:
419 3009 459 3052 eo
480 2987 631 3054 Achillem
648 3001 835 3072 venturum,
870 2991 1111 3056 collocuturum:
1133 2989 1180 3050 ihi
1195 2985 1273 3050 imi-

167 3085 237 3154 dias
249 3091 410 3154 collocerir
434 3091 512 3156 aetia
525 3093 611 3158 vitae
624 3113 701 3158 ause
717 3113 806 3174 esse,
832 3093 951 3158 sicum
969 3090 1127 3158 ocdderit.
1174 3085 1272 3170 Quod
1346 3179 1347 3201 ,

166 3192 349 3257 temerarius
368 3193 546 3260 Alexander
565 3208 647 3277 aret,
672 3197 735 3262 cito
753 3215 790 3262 te
802 3196 947 3286 promisit
959 3200 1126 3260 treuna.
1168 3191 1270 3259 Mouu

167 3284 319 3359 ducuntur
342 3293 383 3360 de
404 3299 540 3364 exercitu
558 3300 746 3380 fortissimi,
773 3313 805 3365 et
822 3301 856 3364 io
867 3300 1105 3390 fnnoApollinis
1116 3298 1269 3362 cuderam

167 3409 234 3464 tur:
263 3398 388 3482 signum
408 3402 573 3491 accipiunt.
626 3403 757 3470 Hecuba
780 3400 823 3468 ed
846 3404 995 3469 Achillem
1014 3403 1135 3470 Prieni
1154 3399 1265 3478 rethia,
1345 3465 1346 3495 ,

165 3503 258 3569 sicuti
270 3501 460 3586 condixeret,
482 3507 625 3572 nuntium
638 3509 744 3574 mittit.
793 3508 928 3574 Achilles
943 3509 1053 3588 herus,
1077 3507 1269 3591 Polyxenam

165 3627 293 3688 umens,
318 3607 513 3696 posterudie
530 3608 573 3674 ad
593 3613 701 3676 ferram
716 3623 929 3678 ravennarum
950 3611 1122 3678 constituit.
1166 3606 1269 3672 Etin·

165 3712 309 3798 sequenti
321 3709 458 3778 diecrnn
470 3713 648 3796 Antilocho,
673 3716 740 3791 lilio
755 3715 915 3798 Nestoris,
940 3712 983 3780 od
997 3714 1269 3780 constitutumve-

165 3815 229 3878 nit:
262 3815 416 3901 sirntrlqua
442 3827 478 3881 ut
502 3818 645 3886 introivit
668 3819 849 3900 inimum,
885 3841 928 3884 ex
946 3816 1072 3884 insidia
1099 3823 1270 3883 oectml·

164 3916 311 4004 Undique
326 3921 389 3982 tela
401 3921 586 3987 coniiciunt:
611 3943 667 3988 eoa
679 3923 768 3990 Paris
777 3921 954 3990 Alexander
967 3924 1118 3988 hortanu-
1167 3919 1270 3986 Achil-

165 4023 213 4086 les
228 4021 493 4107 cumAntilocho,
525 4025 651 4092 brechio
672 4027 801 4094 rinictro
819 4025 986 4110 chlamyde
999 4035 1165 4114 cooperto,
1190 4020 1268 4086 dex·

165 4133 514 4208 uacuaemmerem,
545 4129 620 4195 tacit
633 4131 797 4219 impsum
846 4129 987 4196 Achiuae
1010 4131 1127 4196 miuus
1147 4123 1269 4192 croht.

163 4223 338 4292 Mmander
351 4227 548 4298 Antilochum
562 4245 594 4300 et
605 4232 755 4302 Achillam
770 4235 876 4302 multis
898 4235 999 4326 plagis
1019 4227 1170 4302 confudit.
1221 4227 1269 4296 lta
