2724 4680
143 309 188 376 aa
371 277 373 284 '
536 310 699 370 amma
715 313 874 372 aaaron

147 503 335 584 aspexerunt
357 505 391 568 et
415 489 581 577 diligenter
594 517 757 578 emovere,
786 493 871 585 quod
885 505 1044 586 ttttuqaattt¹
1057 495 1264 589 despuioeet

143 599 300 666 Troianos
313 607 346 662 et
361 597 492 682 Argivos
507 597 763 668 dmideraviaaat.

558 769 651 840 Gar.
674 771 841 870 XXXVI.

249 908 378 975 Postera
390 905 444 972 die
457 909 671 992 Agame-eon
682 910 785 998 coepit
796 908 965 979 exercitam
978 920 1055 976 aute
1063 921 1197 998 portam
1205 911 1259 976 in-

146 1025 282 1095 struere,
308 1011 565 1079 etDardanosin
586 1015 740 1102 proelium
763 1033 942 1101 provocare.
991 1013 1136 1078 Priamus
1152 1015 1258 1078 suam

147 1129 244 1198 stere,
272 1117 381 1180 mbem
398 1117 534 1197 munire,
569 1129 601 1182 et
620 1117 795 1204 quiescere,
829 1138 926 1204 usque
953 1114 1035 1182 dun,
1054 1117 1256 1182 &rithmica

146 1243 218 1286 cam
233 1221 442 1286 Amazonibus
456 1221 575 1285 auxilio
588 1223 812 1308 superveniret.
861 1221 1058 1287 Penthesilea
1072 1235 1186 1308 postea
1201 1243 1255 1285 su-

144 1326 303 1415 pervenit,
335 1335 368 1387 et
389 1324 560 1388 exercitum
582 1336 690 1390 contra
706 1325 838 1408 Argivas
862 1323 979 1389 eduxit.
1028 1325 1082 1387 Fit
1100 1327 1256 1412 proelium

145 1431 273 1510 ingena:
288 1449 344 1516 per
355 1429 472 1513 aliquot
486 1425 556 1491 dies
562 1440 725 1517 pugnatur.
751 1429 859 1510 Argivi
868 1429 901 1492 in
916 1439 1012 1492 castra
1027 1430 1255 1515 opprimuntur.

145 1531 205 1599 eut
226 1532 284 1598 rix
306 1529 479 1596 Diomedes
500 1533 639 1596 obstititc
667 1532 809 1618 alioquin
826 1545 926 1596 castra
950 1543 1126 1612 vastasset,
1156 1553 1251 1596 nares

131 1631 357 1715 incendisset,
403 1635 588 1716 Argivorum
628 1637 810 1702 universam
842 1636 1013 1700 exercitm
1047 1633 1250 1700 devastasset.

144 1739 289 1804 Diremto
306 1739 425 1826 proelio
447 1737 663 1819 Agamemnon
681 1759 756 1804 suos
768 1739 808 1804 in
824 1741 933 1804 castris
949 1739 1073 1804 retinet.
1125 1737 1251 1804 tutem

143 1841 341 1908 Penthesilea
353 1838 472 1929 prodit,
499 1840 640 1928 quotidie
657 1840 801 1910 devastat
816 1843 965 1925 Argivos,
999 1845 1034 1906 in
1046 1843 1170 1908 bellum
1180 1865 1250 1932 pro-

142 1957 249 2012 vocat.
296 1943 511 2026 Agamemnon
534 1967 576 2010 ex
592 1948 723 2011 consilio
744 1959 843 2012 castra
856 1947 956 2012 munit
970 1957 1148 2032 tuteturque,
1174 1959 1206 2010 et
1218 1947 1250 2010 ia

142 2051 262 2114 hellam
271 2070 338 2112 non
351 2045 464 2136 prodit,
489 2069 588 2136 usque
604 2047 682 2114 dum
694 2047 844 2114 adveniat
852 2049 1015 2115 Menelaus
1031 2071 1099 2112 mm
1109 2049 1251 2138 Neopto-

142 2155 239 2219 lemo.
289 2151 514 2239 Neoptolemus
528 2165 563 2216 ut
578 2149 716 2232 advenit,
741 2155 902 2241 patrissui
916 2174 1002 2217 arma
1017 2153 1140 2240 accipit:
1165 2155 1246 2216 circa
1349 2199 1350 2236 ,

142 2259 241 2348 patris
265 2257 419 2320 tumulum
449 2258 636 2320 lamentetur
659 2259 793 2322 elamore
815 2277 940 2338 magno.
990 2256 1187 2322 Penthesilea
1205 2277 1249 2320 ex
1349 2295 1350 2303 κ

142 2357 366 2426 consuetudine
382 2359 482 2424 aciem
502 2359 642 2440 instruit,
669 2372 701 2425 et
719 2359 825 2448 prodit
837 2381 935 2447 usque
950 2359 990 2424 ad
1004 2371 1104 2424 castra
1119 2361 1248 2442 Argivo·

140 2487 220 2531 rum.
258 2462 367 2529 Prodit
379 2463 612 2551 Neoptolemum,
639 2462 857 2548 Mynnidoaas
868 2465 992 2531 instruit
1002 2477 1037 2528 et
1050 2475 1160 2528 contra
1173 2461 1247 2528 edu-

141 2571 201 2633 cit:
224 2569 440 2651 Agamemnon
453 2568 623 2630 exercitum
635 2568 773 2633 instnrit.
820 2568 937 2634 Acriter
949 2569 1042 2633 ambo
1058 2577 1248 2632 concurrunt.

139 2671 366 2760 Neoptolemus
401 2681 537 2752 stragem
574 2671 658 2734 facit.
713 2670 909 2736 Penthesilea
944 2673 1092 2736 acuarit:
1130 2672 1248 2736 iordter

140 2777 315 2840 comminus
340 2774 435 2839 stetit.
483 2773 570 2838 Dum
588 2795 645 2862 per
669 2775 788 2860 aliquot
806 2773 875 2840 dies
894 2777 1004 2840 acriter
1023 2787 1246 2863 pagnaverunt,
1348 2845 1349 2858 ,

140 2881 234 2944 ambo
258 2882 373 2944 multos
395 2875 583 2942 occiderunt.
638 2877 836 2954 Penthesilea
855 2877 1097 2965 Neoptolemum
1119 2881 1249 2942 uariat.

138 2981 194 3049 Ille
212 2981 320 3048 dolore
339 2992 463 3069 accepto
478 2980 674 3047 Amazonion
686 2978 854 3046 ductricem
867 2981 1098 3048 Penthesileam
1117 2983 1247 3046 obtrun-

139 3098 199 3152 cat.
248 3085 296 3150 Eo
319 3087 402 3148 iacto
419 3095 519 3150 totum
540 3087 711 3150 exercitum
730 3085 939 3152 Troianorum
961 3087 996 3150 in
1022 3089 1127 3150 orbem
1144 3087 1246 3166 fugat.

139 3187 245 3270 Argivi
260 3209 331 3250 cum
347 3189 483 3254 exercitu
496 3209 621 3254 matram
635 3185 840 3272 circumdant,
865 3193 998 3258 ottone
1012 3188 1141 3258 Troiani
1155 3190 1245 3256 exire

137 3315 202 3360 non
214 3300 354 3381 possent.

544 3465 638 3532 Gar.
662 3463 844 3535 XXXVII.

239 3600 310 3668 Hoc
328 3611 495 3692 postquam
521 3603 653 3670 Troiani
676 3603 837 3687 viderunt,
869 3605 1022 3686 Antenor,
1043 3599 1240 3688 Polydamas,
1347 3629 1348 3637 ¹

137 3705 259 3772 Aeneas
273 3705 312 3770 ad
329 3707 488 3772 Priamum
499 3709 640 3773 veniunt.
677 3709 780 3792 Agrmt
794 3731 866 3774 cum
879 3730 929 3789 eo,
954 3721 989 3774 ut
1002 3709 1170 3774 consilium
1183 3727 1244 3770 ro-

137 3823 202 3891 cet,
236 3808 278 3874 de
297 3811 429 3904 lenonis
450 3811 516 3878 suis
541 3809 617 3899 quid
644 3811 687 3878 ait
703 3816 850 3880 maurum
908 3812 1051 3878 Priamus
1078 3810 1242 3876 eonsilium

138 3925 307 3979 convocat:
338 3915 385 3978 illi
406 3917 641 4001 postularertmt
659 3914 809 4002 loquendi
827 3918 1005 3982 faudtatem
1026 3913 1123 3980 dara:
1156 3914 1242 3978 iubet

136 4013 330 4098 dicereeas,
354 4015 429 4104 quid
442 4016 630 4086 desiderent.
678 4020 816 4086 Autem
829 4031 1063 4098 commemorat,
1087 4017 1243 4106 principes

137 4115 318 4184 defensores
334 4121 450 4185 Troiae
462 4123 630 4188 Hectorem
645 4133 825 4210 ceterosque
835 4138 927 4192 natos
941 4125 1009 4190 eius
1024 4143 1098 4188 cum
1109 4119 1242 4188 advenis

138 4217 316 4286 ductoribus
352 4223 531 4292 interfectos
550 4245 644 4292 esset
687 4247 821 4312 magnos
835 4290 839 4299 ,
853 4227 1104 4314 fortissimosque
1140 4221 1243 4288 adhue
1346 4219 1347 4303 l
