2808 4686
477 377 690 432 uuosslmuu
715 381 780 432 mu.
809 383 860 433 111.
1133 365 1204 438 323

202 551 267 650 igni
292 565 425 652 plurimo
455 569 487 628 ia
520 568 615 630 amuis
639 581 830 652 pernoctant.
866 569 909 634 At
940 572 1015 634 lucis
1043 575 1205 659 principib)

119 665 357 751 sall.1ug.98.
389 665 472 728 Dein
504 669 614 729 ombria
645 671 759 750 ἰςηὶὐιις
776 672 876 750 factis
892 717 900 746 ‚
918 675 1095 759 plerumque
1114 675 1206 737 noctis

118 767 319 828 barbatiano
350 787 431 826 mom
460 767 573 828 laetari
599 801 641 813 -
661 767 744 830 Dein
776 771 827 830 ubi
846 771 902 832 lua
915 771 1109 834 adventabat.
1154 771 1206 835 Ad

118 868 185 947 igni
201 866 335 949 plurimo
366 865 571 948 Wopkensius
593 865 738 948 intelligit
765 869 918 931 exurente.
963 870 1072 934 Melius
1091 873 1207 934 subau-

122 966 182 1027 diri
205 967 320 1045 sacto,
352 964 443 1026 ducet
473 965 557 1028 locus
591 965 748 1029 Sallustii:
782 968 820 1029 de
846 991 906 1052 qua
939 968 1058 1054 ellipsi‚
1081 981 1207 1054 praeter

121 1065 220 1145 alios,
242 1064 364 1126 monuit
385 1063 471 1126 Cort.
494 1064 534 1124 ad
557 1063 631 1125 Sall.
654 1065 721 1147 lug.
745 1065 797 1150 75.
824 1087 852 1128 1.
884 1067 939 1131 Ea
949 1072 1052 1152 stiga,
1073 1072 1139 1134 scil.
1161 1072 1208 1134 la.

119 1175 184 1229 cta.
208 1164 278 1228 Cat.
300 1163 352 1246 43.
382 1185 409 1225 1.
434 1165 500 1250 Quo
523 1165 674 1243 tumulat,
696 1165 764 1226 scil.
789 1165 882 1229 sueto.

152 1253 156 1260 ¹
204 1269 315 1328 siluam
336 1268 467 1344 caesum)
509 1265 532 1326 i.
555 1287 587 1349 q.
609 1265 738 1348 lignum.
763 1269 876 1330 Infra:
909 1267 1047 1332 Advecta
1069 1271 1139 1332 dein
1167 1270 1207 1332 li·

121 1369 179 1448 7πί
205 1368 306 1451 mpla.
337 1367 446 1427 Graec.
481 1355 543 1446 ὕλη
565 1365 588 1424 i.
618 1387 647 1427 e.
677 1369 818 1428 materia.
842 1368 929 1430 Caes.
951 1368 986 1428 B.
1011 1370 1051 1430 G.
1076 1371 1131 1431 lll.
1154 1389 1206 1453 29.

124 1467 242 1528 caesar
262 1463 359 1528 silvas
385 1466 511 1528 caedem
535 1467 669 1528 instituit.
691 1477 722 1528 et
743 1487 832 1530 mox:
857 1489 1029 1553 omnemque
1052 1491 1118 1530 eam
1138 1489 1209 1532 ma·

123 1570 254 1644 terium,
287 1589 367 1652 quae
399 1587 488 1628 caetu
507 1580 581 1628 erat.
603 1566 688 1628 Curt.
711 1568 802 1629 Vlll.
830 1589 878 1654 ¹9·
903 1573 994 1630 caesui
1014 1570 1100 1630 siluis
1119 1569 1209 1640 stam-

124 1687 207 1727 mam
226 1669 404 1743 excitavere,
427 1665 449 1726 i.
473 1687 501 1726 e.
526 1664 627 1750 lignis.
653 1666 738 1730 ldem
757 1669 800 1728 X.
830 1690 840 1729 1
860 1679 892 1730 ct
913 1690 931 1730 2
956 1670 1118 1732 materiam
1137 1689 1210 1732 cae-

125 1765 209 1832 den.
231 1765 292 1827 Sed
314 1787 362 1827 res
385 1774 457 1827 nota
478 1775 535 1827 est.

208 1867 290 1928 omni
310 1863 430 1948 affectu)
473 1866 492 1927 i.
514 1889 542 1929 a.
565 1867 648 1928 omni
671 1869 790 1944 animo,
814 1867 898 1930 umni
922 1866 1105 1952 cupiditate.

210 1967 298 2028 Xlll.
342 1969 458 2048 mfictis
478 1991 522 2028 ex
542 1968 654 2048 labure)
698 1969 762 2031 Cic.
787 1967 882 2032 Arch.
910 1991 938 2033 1.
962 1981 1031 2053 post
1051 1969 1154 2033 Redit.
1181 1989 1210 2032 1.

126 2091 168 2131 ex
197 2067 300 2131 morbo
332 2071 470 2130 mutuari.
491 2069 558 2132 Liv.
574 2071 693 2131 XXIX.
720 2072 769 2136 18.
799 2083 944 2132 matuatus
969 2091 1013 2134 aa
1030 2071 1211 2134 vulneribus.

126 2169 175 2232 De
193 2189 256 2252 qua
276 2189 415 2252 praepos.
437 2190 480 2231 ex
499 2169 531 2229 vi
554 2171 616 2252 agit
638 2169 723 2230 Cart.
747 2167 786 2230 ud
806 2167 879 2230 Sall.
903 2170 973 2232 Cat.
994 2169 1024 2250 4.
1050 2191 1077 2232 1.

209 2290 280 2333 cum
299 2271 363 2331 luoe
380 2270 481 2349 simul)
520 2267 637 2330 Eadem
668 2267 801 2331 formula
821 2267 875 2334 lib.
897 2269 939 2336 11.
959 2271 1010 2348 42.
1031 2269 1071 2336 V.
1100 2271 1152 2348 5.;
1176 2281 1212 2334 ut

129 2369 206 2434 inira
227 2392 254 2431 c.
285 2369 331 2434 16.
362 2391 428 2431 cam
462 2383 548 2432 nocte
578 2368 677 2432 simul.
717 2368 801 2451 Quid
822 2369 986 2452 significet,
1018 2370 1107 2432 ducet
1127 2369 1212 2432 Cort.

132 2471 173 2532 ad
192 2469 264 2536 Sall.
286 2471 351 2554 lug.
374 2469 424 2534 68.
449 2491 478 2531 π.
511 2513 516 2526 .

209 2583 332 2655 puratos
348 2571 477 2654 proelio)
519 2589 596 2652 pro:
622 2568 662 2630 ud
684 2567 847 2651 proelium.
871 2567 974 2629 Tacit.
999 2567 1084 2628 Anu.
1100 2567 1142 2628 ll.
1157 2589 1209 2652 79.

126 2671 247 2754 proelio
269 2685 380 2755 palata
408 2689 521 2731 manus.
550 2667 665 2751 Sulpic.
697 2669 739 2729 Η.
761 2667 794 2730 5.
815 2671 855 2729 ll.
888 2666 942 2746 44.
964 2688 996 2730 2.
1023 2680 1213 2752 pamtimise

129 2773 225 2832 exilio
245 2785 332 2857 atque
352 2771 400 2832 ad
410 2793 496 2832 olane
514 2769 704 2856 suppliciam.
726 2767 888 2851 Hegesipp.
914 2769 953 2830 V.
980 2769 1137 2849 15.fugae
1153 2791 1212 2853 po·

130 2873 187 2932 talu
215 2891 305 2956 queam
334 2871 409 2931 bello
430 2884 554 2954 paratu.
585 2871 684 2932 Dares
712 2891 741 2931 c.
762 2870 794 2930 3.
827 2869 963 2930 omuibus
993 2889 1025 2928 se
1050 2882 1213 2950 paratim,

129 2991 212 3054 quae
230 2969 372 3030 Hemtdes
393 2971 487 3032 vellet.
508 2970 556 3030 Cl'.
580 2967 726 3031 oberlin.
750 2967 790 3030 ad
809 2969 910 3030 Tacit.
932 2967 1012 3052 Agr.
1035 2967 1087 3046 42.

213 3073 276 3133 uix
300 3073 453 3156 prdicipio
480 3070 554 3150 diei)
603 3069 779 3131 insolenter
809 3069 926 3130 dictum
954 3089 1029 3152 pro:
1071 3091 1139 3131 cum
1162 3069 1214 3132 vix

67 3163 71 3172 ’
129 3171 315 3255 principium
338 3171 397 3234 diei
421 3181 510 3234 esset.
553 3169 706 3233 Adscribe
726 3169 1003 3232 huncllblativum
1024 3189 1133 3252 magno
1150 3172 1215 3232 Ab·

129 3271 295 3334 latiturum
320 3269 530 3334 absoluturum
550 3293 698 3347 numero,
720 3271 829 3355 quibus
850 3269 1023 3334 delectatur
1042 3271 1213 3354 Septimius.

215 3393 282 3434 cum
322 3373 434 3456 gffectu)
496 3374 633 3435 Diximus
672 3373 711 3435 de
745 3373 804 3436 hac
836 3371 971 3435 formula
1009 3373 1042 3434 in
1071 3373 1216 3436 Praelata

217 3575 265 3636 ad
293 3577 416 3638 multum
436 3574 525 3652 diem)
578 3573 663 3636 ldem
687 3593 756 3656 cap.
782 3595 818 3655 ¹3
851 3574 922 3636 Liv.
950 3572 1054 3637 XXII.
1079 3572 1146 3654 5²3
1180 3582 1218 3637 ut

129 3677 179 3739 ad
198 3677 322 3738 multam
343 3691 459 3740 nactam
483 3677 547 3737 Cic.
570 3676 674 3738 Somn.
706 3679 787 3758 Scip.
815 3698 852 3755 ¹3
875 3677 1002 3736 Sueten.
1026 3674 1139 3738 Octav.
1162 3675 1215 3759 78.

126 3776 259 3838 Dicitur
280 3776 372 3838 etiam
395 3778 428 3838 in
449 3777 578 3838 multum
598 3776 702 3849 diem,
725 3785 762 3836 ut
782 3777 851 3838 Liv.
876 3775 1010 3836 XXVll.
1033 3793 1064 3834 2.
1098 3771 1217 3835 Attulit

128 3877 219 3958 Sept.
245 3877 452 3958 Oudendorp.
488 3875 527 3938 ad
548 3875 643 3958 Apul.
666 3877 740 3938 Met.
765 3877 822 3938 lll.
846 3899 878 3959 p.
903 3895 975 3935 211.
997 3873 1046 3936 Cf.
1069 3871 1213 3956 Thucyd.

128 3975 206 4038 Vll.
232 3975 283 4038 58.
306 3977 361 4056 τῆς
376 3971 497 4059 ἡμέρας
515 3971 660 4036 dutnulv'.

217 4097 258 4136 ex
280 4078 352 4156 altu)
394 4075 459 4137 scil.
483 4075 590 4138 latere.
612 4075 694 4137 Pliu.
716 4075 816 4159 Epist.
839 4072 881 4135 ll.
903 4093 950 4156 ¹7·
976 4095 1019 4136 ex
1038 4073 1103 4134 alio
1123 4073 1219 4136 tatem

128 4187 176 4236 est
207 4173 383 4242 mtuatum.
410 4175 520 4237 lustin.
540 4175 611 4237 Vll.
641 4171 668 4236 i.
699 4197 741 4238 ex
760 4176 823 4236 alio
852 4174 944 4234 lutere
969 4173 1002 4234 iu
1021 4171 1148 4258 Ewupa
1168 4195 1218 4234 re-

127 4279 226 4338 lietum
259 4275 400 4361 Europus
429 4277 552 4339 nuntiae
578 4276 679 4338 tenuit.
709 4272 805 4357 Apul.
831 4274 907 4338 Met.
931 4275 989 4336 Xl.
1014 4295 1048 4358 p.
1071 4273 1142 4360 778.
1163 4274 1220 4337 Ea:
