2766 4690
194 379 268 452 404
491 402 764 456 osssnvmromss
787 401 825 456 su
850 401 914 452 nm.
938 401 975 452 n.

277 591 333 652 lV.
385 593 536 671 iutrffecti
569 591 655 652 mrtlti
677 591 831 672 mortales)
886 589 978 654 Ovid.
1010 591 1087 656 Met.
1108 589 1179 652 Xll.
1205 612 1278 654 ιιι.

194 689 371 774 Purpureas
381 691 532 774 populari
545 691 640 753 caede
661 691 771 752 Caicus
784 691 899 774 fluxit.
938 687 1115 753 Philostrati
1137 689 1255 772 Epigr.
1267 736 1278 766 ,

193 791 275 870 quod
300 790 390 850 modo
418 789 551 850 adduxi:
579 781 721 871 Τήλεφος
755 784 891 870 αἱμάξας
911 782 1147 872 φρικτόνἎρη
1168 792 1279 852 Δανα·

194 888 255 966 oiv,
278 883 398 950 Μυσὸν
422 879 475 950 ὅτε
495 886 654 968 πλήθοντα
675 881 761 975 φόνῳ
782 889 930 972 tutemus
943 883 1086 953 Καΰκον.
1128 889 1176 957 Cf.
1199 891 1280 952 Phi-

193 985 279 1052 lostr.
308 989 385 1048 Her.
405 1009 436 1070 p.
457 985 518 1071 690
549 1007 594 1068 sq.
890 981 897 994 ”
1130 1014 1148 1047 s

280 1087 317 1151 V.
362 1087 479 1166 cognito
511 1087 671 1171 Telephon
700 1087 733 1146 io
759 1087 805 1146 his
822 1085 898 1148 loeis
926 1085 1117 1168 imperitare)
1160 1086 1225 1149 Vel
1245 1111 1279 1150 ex

191 1184 337 1247 hocloco
358 1187 476 1268 hocque
496 1207 561 1268 cap.
584 1197 718 1268 apparet,
744 1186 843 1246 iacere
862 1186 975 1268 Dictyn
995 1208 1064 1247 cum
1088 1186 1278 1268 Cypriorum

191 1287 339 1366 scriptore
373 1285 520 1368 aliisque,
549 1285 631 1344 laune
657 1287 785 1358 secutis,
821 1287 873 1366 qui
903 1287 1033 1347 Graecos
1053 1287 1170 1368 Mysiae
1191 1309 1277 1348 oram

191 1387 347 1446 inscientia
370 1385 506 1444 littorum
528 1383 677 1467 appulisse
693 1383 897 1450 tradiderunt.
938 1381 1052 1446 iniuste
1071 1387 1153 1446 enirn
1177 1387 1278 1448 verba

190 1486 299 1544 classes
322 1486 406 1544 venti
434 1485 581 1569 appulere
614 1488 689 1565 (cap.
719 1489 756 1560 ι.)
785 1493 877 1566 urget
906 1483 1008 1544 Fuchs
1030 1486 1155 1563 Quaest.
1174 1507 1211 1567 p.
1227 1485 1276 1572 98

192 1585 440 1664 interpretatus:
474 1586 573 1645 ventis
599 1592 632 1643 et
660 1592 837 1664 tempestato
863 1582 903 1643 ad
924 1585 1038 1666 Mysiae
1068 1605 1154 1646 omm
1179 1585 1275 1646 delati

191 1692 264 1743 sunt
285 1684 402 1749 Graeci.
446 1682 526 1744 Nam
556 1703 625 1742 eum
647 1681 754 1744 Graeci
776 1703 811 1743 ex
831 1680 946 1742 Aulide
966 1685 1163 1766 navigarent,
1183 1697 1276 1746 erant

188 1781 446 1865 oeusomtmfhrou
457 1781 631 1862 navigandi
649 1783 790 1864 prosperi
817 1783 851 1861 (Ι.
872 1783 953 1861 oh),
974 1787 1198 1868 mqroearsdua
1209 1807 1276 1846 mo-

190 1883 233 1942 ra
243 1883 370 1960 sociem
393 1892 424 1942 et
445 1901 513 1941 cum
529 1879 633 1963 Dictys
653 1881 736 1941 hune
758 1892 871 1942 statum
892 1902 955 1942 non
975 1881 1135 1944 turbatum
1157 1895 1276 1967 tempe-

190 1981 320 2042 statibus
347 1981 515 2062 scripserit,
544 1990 611 2040 tum
643 1979 775 2046 formula
794 1981 880 2042 venti
910 2003 1003 2043 naves
1019 1983 1173 2068 adpellere
1192 1986 1275 2046 idem

191 2081 340 2162 significat
368 2079 451 2164 quod
483 2099 577 2141 naues
596 2078 776 2164 mipellwtt:
810 2081 962 2164 quomodo
983 2082 1051 2164 capi
1070 2081 1162 2144 debet
1181 2083 1275 2146 etiam

190 2179 246 2244 lih.
268 2181 345 2246 1.5.
967 2246 976 2256 ,
1374 2245 1375 2250 ,

248 2347 250 2354 ,
264 2280 389 2366 fiducia
406 2279 601 2363 cognationis)
644 2279 784 2342 Herculis
810 2283 892 2342 enim
913 2303 952 2370 ex¹
968 2277 1150 2364 Chalciope,
1170 2279 1275 2364 Eury·
1374 2361 1375 2368 ἵ

193 2380 257 2464 pyli
285 2381 367 2452 filia,
404 2379 586 2442 Thessalus:
620 2401 657 2440 cx
688 2379 797 2462 Auge,
829 2381 898 2442 Alci
927 2381 1008 2456 lilia,
1039 2377 1217 2462 Telcplms:
1239 2401 1274 2442 es

193 2480 357 2563 Astyoche,
393 2479 554 2565 Phylautis
577 2478 664 2561 filia,
694 2477 896 2562 Tlepolemus.
945 2477 1086 2563 Apollod.
1112 2481 1169 2549 tlt.
1189 2502 1220 2564 7.
1244 2479 1277 2540 8.

89 2579 93 2588 ’
192 2587 223 2655 §.
249 2601 281 2640 ιι
306 2591 409 2641 etto.

276 2705 336 2742 non
355 2683 470 2743 alienos
483 2679 603 2762 moeris
618 2679 675 2756 nu]
716 2678 792 2738 Nam
812 2678 984 2758 Tantalus,
1004 2678 1123 2760 Pelopis
1143 2697 1276 2762 pareus,

197 2781 276 2843 lovis
297 2779 376 2840 tilius
399 2781 475 2855 fuit,
501 2780 593 2840 etita
617 2779 711 2838 frater
732 2777 890 2854 Herculis,
913 2777 967 2858 qui
987 2777 1154 2860 Telephum
1176 2797 1276 2838 susce·

195 2883 252 2960 pit.
296 2881 392 2958 igitur
414 2878 521 2959 Pelops
543 2886 574 2936 et
593 2875 747 2958 Telephus
767 2877 954 2938 consobrini.
995 2877 1204 2961 Agamemnon
1225 2897 1276 2937 ve·

195 2997 231 3038 ro
252 2987 285 3038 et
308 2974 466 3038 Menelaus
487 2973 652 3038 Plisthenis
675 2975 741 3050 filii,
765 2975 935 3040 Plisthenes
957 2976 1060 3056 Atrei,
1082 2977 1196 3039 Atreus
1214 2975 1278 3038 Pe-

197 3074 285 3158 lopia'.
326 3076 478 3135 Diceris.
582 3063 585 3072 ’
718 3057 720 3064 ⁴
758 3071 764 3082 “

279 3173 445 3252 Astyochea
471 3209 519 3230 .-
541 3171 681 3251 Priami)
721 3173 786 3236 scil.
815 3173 918 3240 filiam.
970 3174 1014 3236 At
1041 3174 1194 3258 Astyoche
1212 3185 1278 3234 erat

197 3272 413 3334 laomedontis
434 3271 494 3336 filia
509 3319 535 3348 ‚.
550 3275 665 3336 Priami
685 3293 791 3350 soror,
822 3283 854 3335 et
885 3271 1012 3355 Telephi
1032 3295 1126 3354 uxor,
1163 3295 1197 3334 es
1217 3291 1280 3354 qua

196 3372 384 3457 Eurypylus.
421 3372 564 3457 Apollod.
592 3375 647 3435 111.
687 3359 735 3434 ἡ.
760 3375 778 3434 3
800 3384 830 3434 et
858 3373 966 3456 fragm.
994 3395 1025 3455 p.
1048 3373 1117 3454 587.
1151 3371 1277 3455 heym

71 3513 74 3520 ‹
199 3473 306 3550 Quint.
329 3474 450 3555 Smyru.
464 3475 519 3537 vl.
541 3471 618 3551 1543
640 3472 728 3534 Serv.
750 3471 791 3533 ad
811 3472 921 3556 Virgil.
944 3471 1051 3553 Eclog.
1060 3471 1113 3536 Vt.
1134 3493 1194 3555 7²3
1215 3469 1278 3530 Eu·

198 3571 293 3632 statii.
310 3572 350 3634 aa
375 3572 466 3633 Hom.
488 3571 548 3633 Od.
568 3572 626 3631 Xl.
650 3571 719 3638 Sao.
749 3563 926 3645 laodicen,
946 3571 1062 3634 Priami
1081 3569 1197 3645 filiam,
1219 3570 1281 3630 Te·

200 3669 291 3752 lepho
313 3671 422 3732 tribuit
446 3689 568 3731 uxorem
589 3669 704 3752 Hygia.
727 3669 788 3730 iab.
808 3692 874 3733 ror.
912 3671 987 3734 Eius
1006 3691 1136 3732 uxorem
1159 3669 1284 3731 Hieram

158 3784 163 3792 '
199 3780 289 3834 voest
310 3771 458 3837 Philostr.
481 3769 553 3833 Her.
575 3769 616 3834 11.
642 3767 687 3830 18.
714 3790 743 3851 p.
764 3769 838 3854 691.

291 3871 345 3935 Vl.
397 3873 542 3932 iactamur
574 3871 692 3950 magnis
718 3869 879 3947 doloribus)
936 3869 1082 3937 Philostr.
1108 3869 1218 3954 Epigr.
1247 3867 1283 3929 in

201 3967 334 4031 Brunck.
358 3969 448 4030 Anal.
471 3970 510 4030 T.
533 3969 576 4029 11.
597 3989 628 4053 p.
652 3969 723 4046 loo.
760 3969 833 4032 Νῦν
856 3960 948 4030 δλοόν
966 3970 1059 4056 μηρῷ
1079 3967 1203 4030 κεύθων
1223 3961 1286 4046 βά-

201 4085 275 4146 ρος,
295 4059 348 4130 oie
367 4059 536 4138 terinaeus
560 4064 704 4147 Τὴκεται,
725 4065 862 4152 ἐμψύχῳ
881 4064 977 4146 σαρκὶ
994 4061 1227 4146 συνελκόμενος.

285 4180 365 4247 opta
384 4167 486 4227 dolori
503 4167 707 4230 nudicomiua
727 4171 892 4251 imposuerit)
922 4167 1132 4228 Medicurrium
1150 4167 1200 4228 hie
1219 4185 1286 4226 esse

203 4262 387 4346 emplastra,
421 4263 480 4338 diri
509 4267 541 4324 in
570 4259 667 4329 Gloss.
716 4265 854 4350 Uterque
884 4267 977 4349 igitur
999 4263 1171 4349 Aesculapii
1203 4263 1285 4326 lilius

1133 4562 1226 4652 A
