2698 4688
494 381 740 464 tumouucqto.
1043 385 1167 434 ussll

159 569 339 632 imitationis
369 569 450 635 solet
478 592 541 634 esse
569 591 670 636 comes
699 571 848 656 cupiditas
879 569 1027 634 novandi.
1082 571 1169 636 Nova

90 687 176 739 satms
201 678 233 740 in
253 677 457 763 scriptoribus
477 676 613 742 cadentis
634 691 664 740 et
686 681 860 762 posterioris
880 675 1038 741 latinitatis
1057 675 1170 743 debent

89 807 142 850 csse
158 787 268 870 peiora.
315 788 468 872 Copiosus
487 789 652 871 Septimius
672 801 717 851 est
738 789 778 850 ab
797 789 959 868 inusitatis,
979 790 1078 865 novis,
1097 809 1168 872 pas·

91 897 138 954 dm
150 895 235 956 ctiam
247 893 381 956 sordidis
395 891 519 955 dicendi
543 891 715 974 generibus.
756 891 803 954 Ut
824 913 1061 956 commemorare
1075 895 1167 955 omit-

91 1012 141 1065 tan
168 1001 337 1066 locutiones
367 1021 458 1084 saepe
487 1000 596 1062 dubias
623 1012 654 1062 et
685 1002 852 1082 ancipites,
887 1001 1054 1064 brevitates
1077 1003 1168 1062 nimis

89 1113 235 1192 quaesitas,
257 1109 379 1192 ellipses
403 1109 560 1188 duriores,
582 1110 822 1171 constructiones
851 1108 1041 1188 salebrosas,
1071 1111 1165 1192 impe·

88 1219 154 1278 ditrs
177 1227 207 1279 et
234 1217 410 1296 intricatas;
443 1236 538 1278 novas
559 1212 597 1276 ad
618 1225 807 1297 postremum
828 1225 920 1299 atque
943 1217 1094 1280 inauditas
1114 1219 1163 1280 in·

90 1323 205 1386 nudant
224 1323 373 1409 loquendi
391 1325 540 1388 formulas
559 1346 594 1386 ac
615 1323 781 1409 singulares
801 1327 1010 1409 proprietates,
1032 1347 1164 1410 quarum

88 1453 218 1516 amquam
238 1433 313 1496 alibi
331 1443 456 1496 exstent·
470 1433 624 1516 exempla:
655 1434 737 1496 unde
756 1437 917 1517 pessimam
939 1434 977 1496 de
996 1455 1029 1496 se
1051 1434 1164 1496 famam

89 1541 304 1623 opinionemque
317 1542 472 1621 excitavit,
495 1551 531 1604 ut
550 1539 751 1624 Septimianae
772 1539 931 1604 latinitatis
947 1541 1041 1604 dubia
1061 1553 1091 1604 et
1111 1564 1164 1604 su·

88 1659 173 1728 specta
192 1652 322 1712 evaserit
340 1651 518 1711 auctoritas.
562 1649 632 1712 Non
653 1650 755 1712 minor
776 1659 879 1711 tamen
898 1651 1038 1713 virorum
1058 1650 1162 1712 docto·

86 1777 143 1818 rum
161 1756 281 1840 lapsus,
314 1761 369 1842 qui
389 1757 548 1840 formulis,
569 1781 648 1842 quae
667 1770 772 1822 nostro
794 1781 865 1822 cum
888 1757 1064 1820 melioribus
1084 1759 1164 1842 opti·
1242 1831 1245 1838 ,

85 1861 186 1946 nisque
210 1863 411 1948 scriptoribus
441 1876 513 1928 suut
544 1885 737 1944 communes,
771 1867 904 1947 itemque
933 1865 1162 1950 diligentissima

84 1966 203 2032 Sallustii
223 1970 412 2052 imitatione,
444 1971 476 2032 in
500 1991 636 2050 summu,
669 1973 722 2054 qui
750 1970 848 2034 obiter
871 1970 1010 2033 instituta
1029 1969 1162 2036 lectione

83 2075 198 2161 doecpti,
219 2101 331 2144 aureae
343 2101 414 2142 eum
435 2079 482 2144 vel
504 2081 577 2144 lruic
597 2083 753 2164 proximae
769 2079 926 2144 latinitatis
941 2081 1032 2142 aetati
1048 2081 1163 2144 adseri·

81 2207 178 2268 pscrc3
207 2209 302 2272 quam
322 2187 428 2250 foedus
451 2199 497 2251 est
517 2172 603 2250 error
623 2209 748 2269 eorum,
780 2186 892 2270 quibus
913 2183 994 2248 mala
1015 2198 1046 2249 et
1066 2191 1162 2272 pessi·

82 2313 124 2356 ma
141 2295 232 2358 verba
254 2291 462 2378 formulasque
483 2295 674 2377 imposuere,
704 2304 738 2356 ut
768 2297 799 2356 in
827 2304 991 2378 quartum,
1017 2296 1162 2377 quintum

80 2401 201 2466 amhn
230 2413 262 2466 es
290 2402 373 2466 ultra
394 2401 555 2465 detrudere
575 2405 641 2464 ausi
662 2405 732 2470 sint.
772 2401 825 2464 Ut
843 2402 942 2478 euim,
975 2423 1055 2484 quue
1078 2401 1163 2486 larga

81 2529 160 2572 manu
179 2511 261 2574 infra
283 2510 488 2591 enotabimus,
513 2512 685 2594 posterioris
705 2509 862 2574 latinitatis
885 2508 1033 2570 indicium
1055 2505 1161 2593 aperto

81 2617 166 2682 iente
181 2621 365 2703 praeierant,
392 2630 525 2682 attamen
545 2641 607 2682 noo
629 2629 700 2682 sunt
721 2641 758 2682 ea
777 2616 963 2694 huiusmodi,
986 2627 1020 2678 ut
1038 2616 1077 2678 ad
1093 2638 1162 2679 cer-

80 2733 135 2786 tam
155 2739 279 2790 rentem
311 2726 529 2812 designandam
567 2729 640 2791 sutis
675 2725 806 2791 valeant.
846 2721 994 2784 Sordidae
1020 2723 1157 2806 phrases,

81 2830 130 2893 aba
149 2835 253 2916 quibus
282 2833 414 2898 aliorum
437 2835 589 2898 bonorum
613 2835 726 2898 auxilio
746 2833 1022 2914 manuscriptorum
1048 2851 1110 2893 uno
1130 2845 1162 2898 et

80 2937 167 3002 altero
192 2937 259 3004 loco
288 2943 392 3006 forsan
412 2941 496 3005 baud
517 2937 627 3006 frustra
650 2945 828 3026 scriptorem
849 2951 987 3002 nostrum
1008 2950 1039 3002 te
1062 2963 1163 3024 speres

79 3041 284 3128 liberaturum,
311 3052 490 3114 temerariae
518 3049 657 3112 licentiae
681 3061 711 3112 et
732 3050 930 3134 negligentiae
948 3069 1072 3134 quoque
1090 3061 1163 3114 suut

80 3155 267 3220 tribuendae:
301 3159 487 3240 verborum,
517 3181 596 3243 quae
620 3181 701 3222 nunc
722 3159 866 3220 videntur
887 3179 967 3220 nove
988 3157 1081 3232 dicta,
1106 3157 1163 3222 bo·

79 3283 138 3326 aem
160 3279 280 3350 partem
299 3267 490 3351 Septimium,
515 3281 622 3352 utpote
644 3271 833 3353 antiquitatis
854 3277 903 3346 ct,
926 3279 962 3329 ut
981 3266 1163 3350 formarum,

79 3373 294 3438 memborum
315 3376 503 3440 exoletorum
523 3375 744 3458 affectatorem,
774 3400 792 3439 o
810 3379 917 3461 priscis
939 3376 1162 3458 scriptoribus,

80 3500 144 3560 quos
169 3481 270 3567 legere
299 3484 421 3546 fortuna
442 3484 532 3546 nobis
554 3485 727 3564 interdixit,
754 3487 875 3569 petiisse
896 3485 964 3566 quis
984 3485 1165 3566 negaverit?

79 3585 244 3668 levissimi,
279 3594 305 3653 si
332 3591 371 3654 de
400 3601 498 3654 aetate
516 3595 690 3675 quaeritur,
721 3593 891 3676 argumenti
914 3603 999 3670 sunt,
1020 3615 1102 3674 quus
1124 3615 1159 3655 ex

80 3695 182 3760 Graeco
206 3697 355 3761 translata
375 3721 600 3783 proponemus:
624 3701 735 3786 quibus
747 3701 962 3764 adnumerabis
976 3711 1067 3763 etiam
1085 3723 1163 3763 noa·

79 3804 160 3884 nulla,
180 3829 260 3890 quae
282 3831 362 3870 nova
385 3807 503 3892 solique
523 3811 668 3893 Septimio
691 3812 813 3895 propria
836 3814 983 3886 dicemus,
1006 3812 1100 3906 inque
1124 3809 1161 3872 iis

80 3911 146 3972 nata
173 3935 235 3974 nun
263 3937 375 3998 pauca,
411 3939 489 4001 quae
508 3938 544 3978 ex
564 3937 660 4002 aeque
680 3921 801 3999 impuro
823 3921 931 3982 Graeci
955 3918 1074 4000 Dietyis
1094 3937 1160 3980 ser·

79 4035 154 4084 atone
184 4023 336 4092 linxerint.
366 4026 548 4089 Tenendum
572 4029 683 4110 quippe
717 4039 781 4106 est,
815 4032 984 4094 versionem
1006 4035 1162 4110 Latinam,

81 4121 135 4190 lices
156 4130 336 4216 plerumque
357 4133 496 4210 liberam,
519 4138 550 4196 in
573 4135 731 4216 permultis
753 4147 854 4200 tamen
877 4137 998 4202 fidelem
1019 4153 1049 4204 et
1062 4147 1158 4208 Grae-

79 4255 121 4298 tac
135 4243 265 4305 orationi
280 4243 467 4320 adstrictam,
491 4267 555 4308 csse
570 4246 602 4308 in
625 4247 783 4312 manibus:
809 4249 900 4331 ipsius
921 4261 1023 4314 autern
1039 4233 1160 4338 Dictyis
