2808 4686
207 359 280 430 tto
554 381 769 435 eaourmuu
802 383 864 432 ara.
891 385 947 433 ru.

204 583 380 652 gueser-ont,
399 574 549 654 operiunt.
563 571 691 654 Septim.
712 593 823 654 supra:
845 591 908 634 rem
929 585 1067 633 etinctum
1090 577 1197 658 aperie
1221 577 1296 644 Sall.

205 672 266 734 Cat
287 669 339 748 45.
360 691 425 732 rem
446 693 564 732 onruem
586 674 697 755 aperit.

295 773 374 834 bono
395 774 500 834 onioro
527 775 639 853 ageret)
679 773 778 839 Tacit.
802 773 886 838 Anu.
908 771 1196 840 x111.52.au·m0
1213 801 1298 842 moe-

204 886 253 935 sto
278 893 383 954 agere.

290 974 365 1032 sotis
394 971 453 1031 sibi
478 991 542 1032 esse
567 971 771 1054 praesentium
797 975 969 1058 copiarum)
1018 975 1171 1058 Singulari
1195 978 1298 1040 forma

205 1073 250 1133 sic
269 1070 354 1153 loqui
380 1071 506 1132 ridetur
527 1073 650 1155 Dictys,
686 1093 767 1156 pro:
790 1078 861 1135 satis
882 1075 940 1137 sibi
961 1097 1025 1137 esse
1046 1089 1218 1159 praesentes
1241 1104 1298 1140 cn-

167 1248 169 1253 ,
206 1175 282 1256 pias.
305 1171 451 1234 Similiter
472 1173 672 1255 Symmachus
701 1179 724 1240 l.
744 1176 806 1261 Ep.
827 1178 877 1242 32.
899 1180 971 1238 satis
991 1192 1033 1239 est
1054 1182 1140 1240 urrisu
1160 1185 1294 1256 erroris,

207 1277 234 1342 i.
256 1297 282 1341 e.
306 1295 385 1335 unus
405 1295 508 1337 error.
534 1279 649 1343 Worn.
671 1297 701 1359 p.
726 1277 777 1360 49,

276 1373 375 1459 fhcto
386 1373 484 1458 fides)
533 1373 606 1440 Sall.
635 1377 701 1460 lug.
728 1397 796 1443 ιιι.
813 1375 1003 1464 fhsxofidc
1026 1401 1102 1446 roro.
1136 1381 1190 1442 uhi
1210 1381 1295 1464 Sept.

208 1474 315 1538 laudat
335 1478 436 1542 wass.
460 1479 497 1556 (c.
524 1479 602 1561 ¹¹9·l
624 1477 663 1544 cl.
683 1478 782 1543 Tacit.
810 1479 887 1544 Hist.
914 1479 957 1544 II.
979 1478 1041 1562 753
1062 1478 1175 1560 Sulpic.
1202 1481 1243 1546 II.
1265 1483 1295 1548 S.

209 1577 256 1642 II.
278 1576 329 1657 46.
351 1575 382 1644 6.
432 1579 480 1640 De
508 1580 707 1661 sequentibus
739 1581 839 1640 animi
857 1599 968 1663 parum
988 1583 1112 1664 spectati
1132 1583 1151 1647 i.
1172 1603 1200 1646 e.
1221 1605 1297 1664 pro-

207 1679 290 1754 bati,
319 1675 459 1740 consulas
490 1683 629 1745 Gronov.
658 1679 708 1742 ad.
744 1679 813 1745 aiv.
843 1679 886 1746 ll.
908 1701 948 1763 73
969 1677 1054 1743 Cort.
1074 1679 1114 1740 nd
1132 1677 1204 1747 Sall.
1227 1684 1295 1750 Cat.

209 1801 259 1844 ao.
285 1799 311 1846 ι.

293 1880 362 1940 sine
383 1877 455 1940 dolo
478 1877 667 1958 credebatur)
691 1879 832 1940 Laudant
852 1879 952 1940 locum
965 1879 1049 1945 Cort.
1070 1879 1111 1940 ad
1132 1877 1207 1949 Sall.
1232 1883 1295 1968 lug.

209 1978 259 2046 56.
281 1979 318 2055 3,
342 1989 373 2040 et
397 1981 499 2045 Wass.
522 1977 560 2040 ad
585 1977 658 2046 Sall.
684 1980 760 2048 llist.
783 1981 839 2046 vt.
866 1979 962 2060 ι4.·ιιι
981 1993 1069 2042 touta
1088 1995 1208 2066 repente
1230 2007 1295 2046 mss·

208 2079 283 2141 tutio
305 2098 367 2140 nou
388 2079 454 2141 sinc
474 2080 530 2140 deo
552 2079 742 2140 crederetur.

292 2180 346 2245 IV.
386 2181 473 2260 signo
495 2181 569 2242 belli
587 2181 678 2256 edito)
699 2181 849 2242 Desidero
870 2179 1001 2243 alterum
1018 2179 1201 2263 exemplum,
1229 2201 1296 2243 cum

209 2284 304 2343 ceteri
332 2284 468 2364 scriptt.,
504 2294 540 2342 ut
574 2293 604 2344 et
625 2283 788 2365 Septimius
816 2283 909 2359 atili,
953 2303 1072 2365 semper
1101 2285 1189 2363 signo
1209 2285 1296 2347 doto.

211 2385 357 2465 Apposite
385 2363 487 2444 tamen
517 2381 603 2450 Caes.
632 2383 667 2450 Β.
701 2386 738 2449 G.
770 2385 858 2449 VIII.
891 2383 936 2450 15.
967 2389 1052 2467 sr'gno
1080 2385 1296 2466 prootmcioto.

210 2507 302 2568 quem
322 2485 466 2569 loquendi
489 2503 603 2546 morem
623 2504 727 2547 rarum
750 2497 840 2546 vocat
862 2485 997 2552 Vossius.
1039 2485 1146 2568 Aeque
1168 2483 1298 2547 insolen-

210 2597 260 2649 ter
280 2587 365 2649 Plin.
389 2585 462 2653 Vll.
486 2585 536 2652 56.
558 2599 588 2648 et
609 2587 706 2647 Dares
727 2608 754 2654 c.
778 2607 827 2651 ao.
850 2585 939 2648 datio
967 2587 1057 2666 signi.

298 2688 470 2750 instructae
503 2722 540 2734 -
562 2687 731 2749 advorsum
749 2692 936 2772 processere)
977 2683 1050 2751 Sall.
1082 2683 1148 2769 lug.
1170 2685 1221 2750 55.
1251 2687 1296 2744 ia-

209 2789 316 2850 stcucti
335 2821 376 2836 -
400 2790 524 2850 obuiam
546 2791 725 2870 procedunt.

294 2891 387 2951 ascito
406 2891 465 2951 sibi
483 2891 610 2975 queisque
639 2891 761 2969 auriga]
814 2887 935 2948 Curtius
956 2887 995 2949 ad
1024 2887 1211 2950 simillimum
1232 2887 1296 2948 Sal·

211 2989 293 3051 Iustii
316 2989 420 3051 Iocum
444 2991 511 3074 lug.
536 2991 583 3056 ι8.
602 2992 631 3057 3.
656 2991 755 3050 nurltis
778 2990 836 3050 sibi
854 2991 974 3072 queisque
995 2991 1154 3072 imperium
1171 2989 1295 3073 petenti·

213 3091 284 3170 bru,
308 3089 346 3152 de
375 3092 550 3175 integritate
581 3091 641 3153 loci
661 3091 845 3172 Septimiani
864 3090 1024 3167 dubitans,
1060 3085 1097 3152 τὸ
1117 3093 1239 3176 quisquc
1262 3087 1296 3148 acl

213 3193 316 3254 irrcrmt
337 3191 447 3271 relert;
469 3203 499 3254 et
520 3192 602 3275 apud
617 3191 742 3259 Sallust.
763 3213 823 3274 pro
843 3195 968 3278 purique
986 3201 1094 3254 eontra
1105 3193 1190 3259 Edd.
1210 3213 1297 3276 prar-

213 3292 415 3355 stantissimas
446 3292 642 3377 meliorisque
683 3305 773 3354 notae
801 3292 891 3354 MSS.
923 3313 1046 3368 omnes,
1087 3297 1138 3376 qui
1175 3303 1297 3356 serrant

215 3403 365 3486 quisquc,
389 3399 482 3462 scribi
504 3398 573 3460 vult
590 3375 701 3486 quique
725 3400 745 3466 i.
768 3421 795 3466 e.
814 3423 946 3484 quoque.
986 3399 1071 3463 Nihil
1092 3399 1142 3461 hic
1163 3399 1299 3461 dubitau-

215 3500 290 3564 dum
312 3523 411 3584 neque
429 3499 618 3568 tentandum.
661 3499 708 3563 sit
731 3501 789 3564 tibi
811 3501 961 3584 Septimii,
983 3524 1046 3563 non
1067 3501 1148 3562 anxii
1168 3499 1298 3584 quidem,

214 3600 269 3664 sed
286 3610 387 3662 tamen
410 3601 634 3685 diligentissimi
656 3601 831 3666 Sallustiani
851 3601 1000 3664 sermonis
1032 3601 1164 3680 aemuli,
1185 3602 1301 3683 integer

215 3699 301 3766 locus
320 3713 522 3788 argumento,
545 3703 682 3766 Sallustii
703 3725 828 3766 manum
850 3705 940 3766 lirisse
962 3705 1094 3790 quisquc.
1135 3702 1209 3764 Una
1228 3721 1301 3762 voce

215 3806 353 3890 qur'sque,
378 3805 461 3868 nude
484 3814 515 3868 et
536 3804 674 3868 absolute
694 3808 808 3889 posita,
832 3805 921 3888 plena
942 3806 1093 3867 sententia
1115 3803 1298 3876 continetur,

216 3909 398 3970 accuratiori
420 3907 610 3990 explicationi
628 3909 809 3974 iuserviens.
830 3907 1049 3968 Sallustianum
1061 3903 1196 3988 explicas
1221 3923 1301 3965 nem·

214 4027 255 4089 pe
275 4012 403 4092 quisque
433 4029 484 4070 rex
514 4011 572 4072 sihi
601 4009 709 4071 aseivit
739 4009 889 4092 aurigam.
940 4005 1058 4068 Eadem
1079 4006 1190 4090 ellipsis
1209 4005 1299 4064 estin

215 4107 284 4170 Iris:
307 4111 361 4177 lib.
389 4111 432 4178 II.
456 4109 507 4177 30.
527 4131 676 4173 conuerso
705 4111 773 4171 iam
793 4111 826 4170 iu
845 4131 877 4168 se
896 4107 1020 4194 quisquc
1042 4111 1159 4170 liotore.
1181 4105 1234 4169 1v.
1256 4125 1300 4186 ¹7·

216 4209 280 4268 suis
299 4211 426 4296 quisque
445 4211 590 4272 militibus
613 4211 776 4277 iustmctr's.
817 4209 877 4270 Sed
898 4219 1075 4292 occupatam
1097 4211 1157 4271 iant
1170 4227 1203 4270 ex
1219 4215 1301 4290 parte

218 4329 238 4370 a
257 4310 427 4393 Wopkens.
448 4333 478 4394 p.
501 4310 552 4394 49.
572 4311 661 4374 video
685 4310 781 4374 nostri
802 4309 861 4374 Ioci
884 4307 1106 4378 dereno'onem.
