2698 4688
239 353 292 402 xu
655 349 901 402 rmonncrto.

238 539 366 619 cidisse,
396 535 510 622 iisque,
542 537 611 598 licet
638 536 693 619 ipsi
721 501 836 601 veteres
858 539 976 602 nullum
1002 561 1103 624 neque
1129 539 1259 602 bistori

236 669 335 732 neque
354 647 453 710 alium
473 645 649 728 scriptorem
668 641 787 725 ullum,
806 665 906 730 neque
927 645 1003 708 adeo
1022 656 1151 727 poetam
1174 658 1256 709 ante

241 777 358 818 merum
386 752 460 836 quid
488 751 638 834 scripsisse
660 756 857 814 asseverarint
878 753 968 836 (vid.
987 753 1124 836 interpp.
1150 754 1195 814 ad
1219 755 1259 816 Ar

239 863 296 926 Xl.
317 861 382 946 n),
403 872 504 922 tamen
525 858 665 940 repetitas
686 867 732 919 tot
752 863 952 922 recentiorum
976 859 1208 924 Graeculorum
1233 861 1257 921 li

239 966 362 1028 fabellas
384 967 579 1050 imposuisse,
612 983 649 1026 eo
676 963 769 1044 magis
790 964 981 1046 mirandum,
1013 969 1097 1051 quod
1122 989 1242 1030 eorum

241 1095 295 1156 per
313 1084 360 1134 tot
380 1071 536 1134 literarum
557 1069 643 1153 quasi
657 1089 743 1154 reges
761 1091 796 1132 sc
814 1073 976 1154 principes,
997 1072 1152 1153 discussis,
1180 1093 1259 1157 quar

240 1179 283 1245 dii
304 1181 370 1242 sevi
391 1182 489 1261 capita
508 1177 709 1258 obduxerant,
729 1178 909 1240 densissimis
929 1177 1088 1242 literarum
1101 1180 1259 1261 tenebris,

243 1288 284 1348 ris
301 1285 475 1348 huiusmodi
505 1283 765 1368 superstitionibus
785 1294 918 1363 exemta,
952 1296 1058 1368 totque
1077 1289 1211 1348 omnino
1236 1309 1259 1347 r«

240 1397 517 1456 commenticiarum
544 1413 668 1476 agmen,
699 1392 810 1476 quibus
841 1413 929 1454 caeos
952 1389 1152 1477 pristinorum
1175 1394 1259 1456 homi

244 1523 328 1563 mens
349 1501 439 1563 fidem
462 1500 658 1581 adiunxerat,
679 1503 808 1562 maxima
832 1485 936 1562 saltein
957 1521 991 1562 ex
1014 1512 1098 1584 parte
1122 1501 1228 1563 susum
1252 1505 1259 1562 l

241 1619 365 1691 tumque
385 1619 463 1670 erat.

324 1715 460 1776 Prnefixa
489 1713 624 1798 Septimii
637 1710 739 1800 ⁸libris
765 1714 799 1775 ia
828 1712 903 1775 Cod.
934 1714 1061 1796 Argent.
1087 1713 1127 1774 de
1157 1714 1259 1774 invent

242 1820 351 1882 Graeci
381 1820 499 1904 Dictyis
528 1819 663 1882 narratio
683 1817 856 1881 inscribitur
878 1819 1034 1902 Prologus.
1075 1818 1194 1881 Eadem
1221 1819 1259 1902 lep

245 1927 277 1988 in
297 1925 396 1987 fronte
408 1925 507 1987 Codd.
517 1927 645 1988 Mercari
657 1945 871 2008 meorumque,
892 1925 945 1986 sed
957 1927 1021 1986 sine
1033 1923 1096 1988 ulla
1109 1925 1259 2009 inscriptis

244 2036 274 2096 iu
295 2031 361 2095 aliis
382 2032 480 2094 Codd.
501 2031 591 2116 plane
609 2033 725 2108 omitti,
747 2035 807 2096 viri
827 2032 907 2094 docti
924 2043 1083 2095 testantur.
1125 2033 1162 2096 ln
1181 2037 1259 2118 antiq

242 2142 325 2203 simis
344 2139 444 2217 Edd,
465 2159 543 2222 quae
562 2138 725 2202 Mediolani
744 2149 777 2200 et
797 2139 931 2202 Venetiia
950 2139 1144 2221 prodierunt,
1165 2137 1259 2212 Prolo

240 2250 377 2332 sequitur
395 2247 535 2332 Epistola
553 2247 762 2327 dedimmria,
792 2246 850 2310 sub
877 2249 1000 2310 nomine
1023 2247 1060 2311 L.
1089 2247 1222 2329 Septimii
1257 2265 1259 2298 ÷

234 2362 328 2440 ‚gam
354 2373 447 2437 quam
469 2354 503 2415 ia
524 2354 658 2436 antiquis
679 2353 796 2436 seriptis
818 2352 1037 2436 exemplaribus
1058 2352 1174 2416 nubam
1197 2373 1259 2414 esse

240 2465 285 2526 cit
306 2461 470 2529 Merces-us.
511 2460 540 2522 Δ
569 2459 709 2542 plurimis
738 2479 811 2522 sane
838 2459 955 2536 codd,
986 2470 1021 2522 ut
1040 2463 1130 2522 etiam
1156 2461 1259 2522 smair

240 2567 300 2632 Ed.
322 2567 450 2646 Prisc),
475 2567 560 2628 abest
578 2549 735 2648 Epistola,
767 2566 799 2627 in
819 2563 884 2627 oliis
903 2577 1005 2629 autem
1023 2577 1136 2648 exstat,
1159 2565 1259 2628 under

245 2674 362 2739 babent
389 2672 472 2738 Edd.
493 2672 620 2736 Mediol.
642 2681 672 2734 et
692 2673 821 2750 Venet„
851 2681 942 2755 atque
963 2693 998 2736 ex
1020 2672 1085 2752 bis,
1110 2671 1158 2735 vel
1179 2673 1259 2734 etiam

239 2783 356 2861 'Codd.,
388 2781 476 2848 aliae.
524 2780 693 2864 Epistolam
725 2799 788 2842 osse
816 2801 836 2842 a
862 2780 899 2846 L.
929 2780 1094 2863 Septimio,
1126 2781 1243 2856 eodem,

243 2892 391 2952 Graecam
420 2886 654 2969 Eplremeridenr
685 2885 758 2948 belli
785 2887 912 2948 Troiani
941 2888 974 2948 in
1003 2884 1134 2970 linguam
1156 2887 1259 2948 Romnr

243 2993 418 3073 transtulit,
438 2995 547 3056 Latine
567 2993 708 3074 primitus
723 2993 885 3075 scriptam,
909 2993 963 3076 qui
980 3013 1132 3072 censuere,
1150 3013 1196 3054 me
1207 2991 1259 3054 bal

243 3100 489 3164 consentientem.
529 3097 697 3180 Prologum
717 3118 780 3160 non
800 3099 934 3161 eiusdem
954 3120 1036 3178 esse,
1060 3101 1143 3164 ouius
1162 3111 1205 3162 est
1223 3099 1259 3161 bi

242 3209 300 3286 ria,
323 3205 376 3270 sed
396 3226 416 3266 a
435 3205 547 3271 receuti
568 3225 685 3282 manu,
701 3203 742 3266 ab
761 3205 883 3268 indocto
902 3209 1046 3290 quopiam
1065 3217 1203 3290 ougstore
1220 3205 1259 3268 sul

243 3324 346 3390 ctam,
373 3309 484 3372 clamat
513 3321 581 3394 post
611 3311 782 3374 Meroerum
809 3314 926 3395 Gespar
949 3313 1105 3397 Scioppius
1132 3313 1259 3375 Parodl

242 3419 332 3503 Epist
352 3418 394 3488 V.
435 3418 538 3502 Atque
566 3419 724 3482 Periaouio
747 3420 832 3482 Diss.
853 3425 883 3496 5.
910 3421 1012 3483 XXX.
1032 3431 1063 3482 et
1084 3421 1193 3482 XXXl.
1214 3441 1259 3482 aut

164 3537 169 3548 ”
243 3529 304 3592 fuit
331 3526 521 3607 Obreobtus,
554 3538 589 3589 ut
610 3528 712 3591 multis
740 3527 955 3604 contenderet,
988 3527 1150 3610 Prologum
1175 3547 1259 3609 ueqnc

245 3637 363 3700 Graeco
382 3634 492 3721 Dictys
511 3636 699 3721 profectum,
719 3659 818 3722 neque
838 3658 856 3699 a
875 3637 1019 3721 Septimio
1042 3637 1072 3698 in
1094 3635 1212 3718 linguam
1230 3636 1259 3696 Lr

245 3765 320 3808 nam
352 3742 549 3824 translatum,
581 3745 634 3811 sed
660 3746 700 3808 ab
719 3747 822 3830 aliquo
846 3749 949 3830 ignoto
969 3746 1109 3825 bomine,
1127 3747 1173 3829 qui
1191 3755 1259 3806 utro«

246 3854 339 3917 luerit
364 3853 533 3936 posterior,
562 3853 676 3916 incerto
697 3863 832 3936 tempore
853 3855 968 3916 Graece
990 3855 1089 3938 primo
1108 3851 1259 3935 scriptum]

245 3959 370 4045 otyique
389 3959 603 4042 praemissum,
632 3959 702 4022 dein
733 3959 774 4022 ab
793 3961 854 4022 alio
874 3963 965 4022 mam
988 3981 1107 4024 versum
1125 3981 1180 4024 esse
1196 3961 1259 4022 Lati

247 4067 348 4133 Aliter
364 4067 505 4152 erpridern
524 4068 637 4145 sentio,
657 4079 690 4130 et
708 4091 835 4152 quaero,
857 4073 925 4154 quis
940 4069 1062 4133 tandem
1080 4070 1209 4132 creaverit
1225 4067 1259 4128 fal

247 4175 311 4242 lam
337 4175 376 4240 de
401 4179 526 4242 invento
545 4177 675 4263 Dictys,
700 4178 830 4261 quisque
849 4180 963 4260 primus
982 4181 1162 4244 narraverit?
1198 4175 1259 4236 ini
