2860 4688
490 424 588 476 aaut
612 422 761 475 moritu
791 423 856 474 cro.
882 425 931 475 rr.
1184 407 1255 480 159

155 647 250 697 rum
285 615 454 710 invadit,
479 619 655 726 primum
680 639 876 722 quemque
900 615 1061 694 obvium
1090 615 1259 698 fundens

156 753 230 813 aut
262 732 484 812 debilitans.
543 739 604 812 lta
628 733 707 810 iam
733 732 915 840 plurimis
943 749 1165 810 nostrorum
1191 735 1259 812 in·

159 852 352 944 terseotis,
385 849 518 941 duces,
544 849 615 930 ubi
640 851 800 928 fortuna
825 847 919 926 belli
945 873 1095 942 mersa,
1130 875 1259 956 neque

155 995 244 1076 spes
263 969 415 1072 reliqua
438 967 512 1044 nisi
538 969 583 1046 in
603 966 696 1072 fuga
720 985 785 1056 est,
810 965 1016 1044 victoriam
1034 993 1260 1044 concessere.

155 1089 218 1163 Eo
251 1082 315 1160 die
349 1087 527 1162 incensae
559 1081 785 1188 deletaeque
815 1107 929 1160 naves
956 1109 1090 1161 omnes
1113 1083 1259 1180 forent,

158 1204 206 1280 ni
242 1227 319 1279 nox
343 1193 568 1308 perfugium
592 1197 858 1278 laborantium
884 1197 1109 1304 ingruentes
1135 1199 1260 1280 hostes

155 1317 211 1395 ab
235 1318 415 1425 incoepto
448 1317 703 1396 cohibuissett
737 1333 846 1394 unta
876 1315 920 1393 in
946 1318 1155 1394 Memnone
1179 1319 1259 1396 bel-

155 1433 270 1514 landi
295 1434 351 1512 vis
372 1433 609 1541 peritiaque,
636 1450 677 1510 et
701 1432 840 1510 nostris
867 1429 1046 1510 adversae
1071 1459 1139 1512 rea
1346 1427 1355 1439 ’

259 1553 325 1628 Vl.
384 1550 512 1654 Igitur
554 1549 714 1642 Graeci,
748 1567 955 1657 postquam
990 1549 1142 1653 requies
1182 1569 1259 1640 est,

153 1665 327 1776 perculsi
363 1667 468 1744 inter
498 1691 537 1744 ee
569 1694 614 1744 ac
644 1692 817 1744 summae
857 1691 989 1742 rerum
1024 1663 1258 1762 diffidentes,

155 1809 232 1892 per
254 1783 475 1862 universam
505 1801 675 1874 noctem,
710 1807 808 1887 quos
837 1771 880 1858 in'
906 1779 1010 1857 bello
1034 1782 1257 1873 amiserant,
1336 1777 1339 1787 ’

155 1899 354 2006 sepeliere.
386 1898 491 1978 Dein
511 1900 719 1978 consilium
737 1899 864 1976 futuri
885 1898 1106 1976 certaminis
1125 1897 1275 1984 adver.

158 2043 250 2096 eum
272 2019 523 2096 Memnonem
547 2017 706 2094 ineunt:
729 2043 774 2092 ao
800 2015 930 2122 placet
952 2031 1053 2093 sorte
1078 2017 1167 2122 eligi
1189 2045 1258 2095 no-

151 2159 248 2212 rnen
279 2132 390 2211 ducis
421 2159 512 2211 cunr
538 2157 583 2210 eo
609 2131 804 2210 bellaturi.
853 2133 968 2210 Tunc
991 2138 1257 2236 Agamemnon

153 2249 382 2330 Menelaum
404 2247 558 2356 excipit,
586 2249 755 2356 Ulixem,
790 2245 1061 2326 Idomeneum:
1088 2252 1257 2358 reliquo-

154 2393 252 2444 rum
286 2391 367 2444 sors
397 2365 459 2470 agi
494 2381 629 2471 coepta
662 2365 818 2442 Aiacem
852 2365 1125 2442 Telamonium
1161 2357 1258 2448 votis

154 2483 341 2561 omnium
367 2479 514 2588 deligit.
564 2485 623 2558 Ita
650 2479 800 2559 resectis
823 2479 911 2557 cibo
936 2483 1174 2588 corporibus,
1199 2511 1258 2561 re-

160 2599 322 2702 liquum
354 2601 481 2678 noctis
512 2623 603 2680 cum
635 2598 767 2702 quiete
801 2596 1033 2702 transigunt.
1085 2601 1137 2676 At
1161 2599 1259 2678 lucia

151 2713 354 2822 principio
384 2715 526 2794 armati
559 2713 819 2819 instructique
854 2735 927 2818 pro
963 2712 1119 2817 negotio
1142 2739 1256 2820 egre·

223 3019 354 3092 perinte
371 3023 546 3092 naremrum)
582 3021 624 3073 lu
642 3024 715 3072 reete
734 3015 784 3072 Ed.
804 3015 878 3070 Cret.
898 3023 929 3070 et
946 3015 1012 3070 Obr.
1051 3015 1128 3072 trba
1153 3019 1210 3072 mel
1227 3025 1257 3073 et

151 3089 241 3144 sene
264 3093 376 3163 prieris.
412 3092 534 3146 Eandem
562 3092 768 3160 corruptionem
793 3084 1025 3160 deprehendimus
1043 3099 1066 3144 c.
1095 3105 1121 3160 7.
1148 3106 1187 3146 ra.
1215 3089 1256 3152 all,

149 3161 221 3217 Ιοι
240 3160 313 3216 cnr.
340 3163 494 3236 incisuris
512 3161 636 3218 ducitur.

221 3231 291 3306 [οη.
307 3231 334 3292 b.
351 3235 465 3306 euerso)
500 3233 581 3302 vulg.
600 3247 680 3287 reno
697 3229 716 3280 i.
733 3243 757 3282 e.
774 3233 893 3292 mutate,
914 3235 947 3282 ut
963 3227 1090 3300 loquitor
1114 3227 1190 3298 Sept
1208 3229 1257 3290 ΙΙΙ.

149 3305 179 3359 8.
205 3311 236 3357 et
255 3303 316 3356 elil.
337 3304 374 3364 cl.
392 3301 543 3374 Wopkens.
562 3305 653 3374 pabo.
688 3297 744 3353 Sed
761 3305 818 3356 tres
836 3299 913 3355 MSS.
935 3307 963 3353 et
981 3298 1031 3358 Ed.
1051 3297 1137 3352 Prior.
1148 3317 1256 3364 everte.

150 3376 169 3427 i.
195 3389 222 3428 e.
242 3373 346 3434 delete.
382 3373 458 3427 Nora
481 3377 539 3429 roll.
564 3379 655 3443 captat
678 3371 714 3424 Se
736 3369 840 3432 limine,
888 3370 1027 3424 Conileler
1054 3388 1169 3434 aversa,
1188 3373 1208 3425 i.
1228 3387 1256 3430 e.

148 3445 295 3510 elimate,
313 3442 359 3500 rel
376 3443 505 3506 eduma.
539 3445 574 3499 ln
591 3457 668 3514 seqq.
690 3441 711 3494 lt
757 3440 974 3498 obniteremur
992 3459 1055 3496 nav.
1075 3440 1129 3496 deb
1153 3459 1257 3500 onnes.

149 3515 231 3570 Cret.
251 3517 402 3588 ingruens,
422 3517 480 3569 rell.
500 3533 564 3571 nox.

224 3583 362 3642 «ἄνει-ιω
378 3597 437 3652 res)
472 3586 521 3641 ec
541 3585 630 3642 l’rlno
646 3579 792 3636 advorsae·
829 3581 1032 3638 volturnus·
1050 3593 1078 3637 et
1097 3579 1253 3637 Μυκά-

144 3675 248 3713 venae
267 3673 319 3710 res.
354 3657 400 3710 Tu
416 3671 484 3712 vero
503 3673 537 3712 ex
553 3652 679 3729 praeced.
698 3665 782 3707 tanta
805 3651 854 3707 bic
882 3654 972 3710 intell.
996 3665 1094 3708 tantae
1119 3651 1254 3706 adversae

147 3747 208 3786 rer.
228 3745 253 3781 v.
273 3725 364 3782 Glors.
398 3727 501 3783 utrum
520 3742 632 3784 sensum
651 3731 800 3795 extorquet
819 3723 969 3798 Wopkens.
988 3741 1018 3796 p.
1037 3739 1090 3793 72,
1115 3721 1256 3778 delesset

150 3799 273 3921 ‘⁰⁹⁰3ss
307 3869 442 3942 armar)
479 3870 559 3924 sem
588 3865 723 3944 μηωιε.
757 3865 833 3921 rm·
855 3865 954 3930 sem..
980 3863 1008 3918 s.
1035 3860 1108 3918 cau
1135 3877 1201 3934 opp.
1225 3869 1256 3918 er

145 3939 206 3996 ze.
228 3939 316 3992 Prine.
334 3943 494 4014 repetivere.

225 4011 355 4072 Ulixem,
372 4009 560 4080 mmmmm)
595 4009 634 4060 lte
654 4003 681 4060 S.
701 4005 774 4060 Gall
792 4021 848 4065 see.
863 4005 922 4068 tx,
943 4001 996 4060 Ed.
1021 4003 1111 4062 Prlne.
1128 4009 1157 4054 et
1175 3999 1255 4071 0br.;

140 4079 256 4154 qulbus
274 4083 349 4133 srvat
367 4081 438 4136 Crat.
467 4083 510 4138 W·
537 4093 566 4135 et
587 4077 770 4134 muman.
807 4077 876 4131 Tres
900 4076 974 4130 viror
997 4091 1088 4145 pugne
1113 4073 1253 4128 abstinere

138 4155 276 4206 omnium
295 4151 360 4204 duri
382 4153 505 4220 plecultr
535 4151 569 4202 de
589 4150 689 4204 ceteris
708 4157 801 4203 rotem
824 4149 953 4201 institute
971 4145 1117 4198 reditione
1148 4143 1254 4197 electus

142 4231 197 4276 est
216 4219 294 4275 alu.
332 4224 364 4274 ln
381 4231 447 4282 eeu.
470 4223 512 4277 vt
532 4221 701 4276 Idomeneus.
736 4219 803 4274 blo:
821 4217 872 4276 Ed.
896 4217 984 4271 Ptine.
1002 4231 1100 4288 ogere.
1136 4214 1191 4268 Sed
1219 4215 1252 4272 V.

147 4295 199 4352 e3.
219 4295 396 4368 reliquam
414 4313 475 4350 sore
491 4295 541 4368 agi
561 4305 666 4366 coepto·
