2726 4686
413 375 510 426 natta
535 376 681 426 moram
707 377 771 425 tra.
798 379 823 426 ι.
1108 363 1153 431 33

68 569 195 674 gratia
220 565 373 642 bellum
406 561 447 642 id
471 565 703 671 parabatur,
736 585 775 643 et
799 586 957 673 propter
982 591 1159 673 magnam

69 713 192 792 opum
215 685 317 782 rim,
344 681 487 786 quibua
511 699 663 786 praeter
687 699 829 758 ceteros
853 684 1033 758 Graeciae
1058 711 1161 788 reges

69 827 232 906 magnus
255 819 373 902 atque
396 800 522 874 clarus
546 795 779 888 habebatur,
802 801 940 874 merito
959 799 1160 878 acciderat.

69 919 171 993 Dein
205 915 320 991 ducea
344 915 629 1020 praefectosque
661 916 819 989 navium
844 914 1050 1008 Achillem,
1074 919 1161 993 Aia·

71 1059 151 1108 oern
175 1051 218 1106 et
236 1029 466 1106 Phoenicem
483 1027 686 1104 destinant.
735 1033 1162 1133 Praeponunturetiam

72 1147 275 1254 campestri
311 1146 494 1221 exercitui
529 1143 747 1220 Palamedes
782 1171 872 1220 cum
904 1145 1088 1222 Diomede
1123 1167 1164 1224 et
1211 1245 1216 1254 .

74 1263 204 1352 Ulixe,
237 1263 290 1338 ita
309 1281 357 1364 ut
380 1263 483 1337 inter
505 1285 544 1340 ee
565 1258 725 1335 diurnas
747 1260 1043 1364 vigiliarumque
1067 1263 1164 1342 vices

78 1380 323 1486 dispertiant
370 1379 440 1453 His
464 1377 644 1483 peractiS,
670 1374 721 1451 ad
738 1377 927 1481 parandas
942 1405 1032 1483 opes
1046 1397 1165 1481 atque

77 1497 333 1573 instrumenta
366 1494 529 1570 militiae
562 1493 704 1595 singuli
739 1519 806 1568 aua
838 1493 881 1569 in
906 1519 1021 1596 regna
1046 1493 1164 1569 diace-

77 1611 184 1688 dnnt,
240 1609 401 1686 Interim
433 1609 527 1685 belli
558 1609 685 1685 studio
710 1607 870 1684 ardebat
899 1610 1022 1686 omnis
1045 1611 1166 1689 Grae-
1214 1697 1215 1704 χ

77 1727 149 1802 cia:
186 1753 316 1816 arma,
350 1728 442 1816 tela,
476 1726 589 1829 equi,
624 1751 751 1816 naves,
776 1743 893 1828 atque
917 1725 1165 1802 haecomnia

81 1859 153 1918 toto
177 1841 338 1916 biennio
363 1863 572 1945 parantur:
598 1866 722 1943 quum
746 1840 924 1916 iurentur
940 1841 1082 1945 partim
1097 1867 1167 1918 sua

82 1975 221 2062 sponte,
236 1957 305 2032 alii
321 1957 540 2060 aequalium
550 1955 601 2031 ob
613 1956 784 2060 gloriam,
803 1957 1069 2053 aemulatione,
1083 1985 1168 2034 mu·

84 2075 144 2150 nia
175 2075 339 2150 militiae
368 2073 602 2152 festinarent
662 2071 735 2150 Sed
768 2073 872 2150 inter
897 2073 992 2151 baec
1015 2099 1164 2154 summa

150 2343 306 2416 acciderat)
340 2345 507 2416 Repoanerat
526 2345 628 2467 aliquit
647 2345 760 2403 accidit.
779 2361 803 2399 r.
824 2341 972 2418 Wopkena.
990 2361 1018 2417 p.
1034 2313 1081 2406 lat.

154 2414 330 2484 Phoenicem)
365 2417 393 2473 S.
413 2417 482 2470 Gall
501 2433 554 2471 aec.
586 2418 616 2469 X.
635 2419 800 2474 Phoenicen.
820 2419 860 2473 Cf.
883 2436 904 2472 c.
923 2437 941 2490 9

155 2485 384 2556 Praeponatur)
420 2487 462 2540 ita
480 2487 545 2540 iibri
561 2492 625 2552 mei,
642 2489 691 2541 Ed.
708 2487 917 2552 Mercetobr.;
938 2491 1003 2540 item
1017 2491 1074 2536 trea
1090 2485 1168 2540 MSS.

91 2549 273 2624 Oudendorpii
292 2555 326 2608 ad
346 2557 423 2625 Apul.
443 2557 508 2611 liet
526 2559 571 2611 iii.
588 2575 619 2629 p.
638 2559 698 2628 aad.
717 2567 745 2612 et
766 2559 937 2611 Burmanuua
954 2557 990 2611 ad
1002 2555 1085 2615 ovid.
1099 2556 1167 2611 biet.

91 2621 112 2678 i.
127 2625 182 2676 iao.
220 2623 261 2676 db
280 2627 476 2697 Praepotaitur.

153 2691 335 2766 disparatam)
372 2697 411 2749 tt
430 2696 544 2769 lupen.
561 2715 587 2756 v.
608 2697 643 2749 ad
662 2713 685 2754 c.
711 2697 741 2750 15
1129 2727 1133 2738 =

154 2765 206 2816 alu·
220 2765 383 2838 aequalium
405 2767 439 2850 ob
456 2768 586 2840 gloriam,
605 2767 810 2848 aemularique,
835 2763 932 2818 munia
950 2761 1071 2818 miiitiae
1079 2763 1168 2835 fiati-

95 2835 225 2955 filib
234 2833 1077 2978 l=¹q⁸⁸l⁸ullll¹rlinlulelc'lladlrlll'lltd‘srb'ulbrse'nrffl
1093 2851 1169 2960 dili

95 2972 333 3094 opppeatinaret).
378 2978 497 3030 Alteram
516 2993 641 3046 praepar.
666 2977 706 3033 ad
722 2985 785 3028 ante
804 2977 921 3046 munia,
948 2976 1014 3027 licet
1056 2975 1169 3028 elendat

95 3039 160 3108 wop
177 3058 232 3095 ena.
252 3061 282 3112 p.
303 3062 356 3108 ιι.,
379 3063 469 3117 neque
492 3055 594 3101 tanturn
613 3047 715 3101 habeat
734 3047 925 3106 offensionem,
950 3052 1079 3115 quarm
1105 3049 1168 3117 qnia

57 3165 60 3170 ,
96 3111 282 3167 “minaverit
289 3113 423 3185 (lreheli.
434 3117 499 3170 Poll,
510 3117 607 3175 Claud.
614 3124 641 3176 6.
651 3119 767 3191 epistola
779 3119 860 3170 cairan
870 3113 910 3170 ad
915 3127 1040 3170 retiatum
1050 3115 1169 3188 legende

96 3177 131 3230 d
151 3185 287 3252 populum.
310 3194 339 3237 et
354 3189 491 3255 permulta
516 3187 545 3239 id
566 3205 649 3271 qcuua
671 3189 875 3252 recentiorem),
897 3195 988 3239 tamen
1005 3191 1168 3240 auctoritate

97 3249 148 3308 1⁸.
165 3253 189 3311 S.
210 3255 284 3305 Gali
305 3269 358 3307 arc.
376 3255 436 3319 lx„
463 3257 513 3316 Ed.
538 3257 624 3318 Prrnr,
651 3265 679 3311 et
703 3257 769 3310 Obr.
790 3257 882 3309 delere
900 3273 957 3308 non
976 3255 1117 3321 dubitavi,
1137 3264 1169 3307 ut

93 3317 223 3386 statinare
238 3329 337 3380 arunte
355 3327 496 3398 eleganter
509 3328 631 3392 dicatur,
650 3328 726 3382 reiut
746 3327 848 3380 libili.
867 3344 889 3382 a.
921 3328 1042 3380 attinere
1053 3340 1169 3382 cunctat

99 3389 178 3442 deleri
211 3397 315 3448 caiana
328 3396 500 3468 vindingiua.
530 3398 873 3469 Abeatpraepoa.etiarna
913 3397 939 3448 S.
960 3396 1102 3464 reilana,
1120 3397 1169 3450 aed

99 3459 144 3510 alla
164 3462 193 3513 ib
225 3473 268 3516 eat
288 3467 404 3520 variatae
448 3469 556 3523 Etenim
578 3485 611 3520 ex
630 3469 686 3521 MS.
703 3470 785 3526 Perit.
804 3465 1017 3532 Oudendorpiua
1037 3468 1071 3517 ad
1088 3468 1171 3539 Apul.

99 3527 156 3582 let.
172 3533 216 3584 lit
242 3551 272 3603 p.
293 3539 349 3592 ras.
369 3539 450 3607 legit:
473 3557 535 3612 aeq·
554 3537 593 3592 ad
607 3541 647 3610 gl.
663 3555 730 3594 uem.
752 3539 901 3592 communia
921 3537 1046 3588 miiitiae.
1084 3540 1118 3592 tt
1139 3539 1169 3590 ni

99 3613 180 3652 worn
205 3605 301 3657 munia
326 3617 479 3678 corruptam
504 3627 562 3662 erae
589 3625 649 3662 euna
673 3610 836 3679 perauadere
861 3603 948 3668 mibi,
974 3605 1011 3657 ob
1035 3555 1171 3662 formulae

101 3675 183 3724 nauta
206 3676 326 3728 aaiia'tiae
355 3679 536 3750 frequentiam
559 3679 658 3748 (l'acit.
676 3681 746 3732 litat
766 3683 787 3732 i.
805 3676 878 3748 qb),
907 3678 952 3726 vix
989 3677 1086 3738 ⁰⁸³l¹¹¹=
1111 3686 1169 3730 illm

100 3741 887 3886 'Q‘ir'iliii‘i‘ii'liiii‘illailiitrlllli’
900 3691 1022 3886 iili
1041 3747 1171 3872 itii·

100 3879 186 3934 tiene?
218 3883 355 3954 Pxpedire
373 3891 475 3960 poaaia:
497 3907 530 3944 ex
547 3839 734 3944 aemulatiobe
751 3889 785 3942 ad
803 3887 916 3958 gloriam
929 3888 1095 3954 aequalium,
1112 3889 1131 3939 i.
1146 3905 1171 3940 e,

102 3951 245 4016 aequalium
271 3957 384 4026 gloriam
412 3961 587 4015 aemulanter.
629 3961 674 4015 'i'u
699 3977 763 4014 vero
792 3957 847 4010 levi
868 3954 1060 4015 emendatione
1083 3957 1172 4010 scribe

101 4024 248 4089 amadan
273 4025 307 4077 ob
330 4030 460 4100 gloriam,
488 4029 507 4085 i.
528 4047 550 4086 e.
570 4029 605 4082 ad
631 4030 786 4104 aequalium
804 4027 915 4096 gloriam
935 4027 1172 4094 aequiparandam.

103 4093 282 4149 &muclone
307 4099 545 4168 interpretationis
571 4101 664 4154 indole
692 4101 846 4170 praeditum
874 4105 930 4158 eat,
957 4097 1174 4170 miuntcuiiaqua

105 4159 362 4229 interpunctionibus
387 4170 511 4225 distinxi.
545 4173 688 4227 Sententia
713 4169 765 4222 ioci
787 4176 843 4220 eat:
874 4163 1024 4218 festinabat
1047 4167 1174 4222 iurentur

101 4231 189 4282 ,nenia
206 4236 339 4303 nilitiae,
357 4243 458 4311 partina
478 4259 530 4300 aua
549 4255 656 4315 sponte,
671 4239 720 4294 aiii
732 4237 927 4296 aemulationia
943 4233 1042 4292 undio.
1077 4238 1174 4294 Atten-

142 4347 271 4394 aaerra.
926 4325 947 4388 3
