2726 4686
247 319 271 388 8
702 337 909 392 recuccus.-

242 533 435 610 Neronem
459 527 589 604 oblatu
617 527 691 608 sibi
713 513 945 622 transmisit,
981 513 1201 608 existimons
1234 555 1301 633 que

243 649 332 724 dom
350 649 392 724 iu
409 647 470 722 his
486 647 686 724 secretiora
702 647 909 722 contineri.
957 648 1051 724 Haec
1071 648 1193 751 igitur
1216 673 1298 750 quu

242 769 343 844 Nero
369 763 589 868 accepisset,
614 761 910 870 advertissetque
933 765 1098 841 Punicas
1128 788 1205 839 esse
1232 765 1301 840 litt

195 902 199 922 ⁸
244 909 323 973 ras,
350 879 492 956 herum
517 879 661 984 peritos
681 879 736 988 ¹ud
760 905 799 958 se
823 881 1009 956 evocavit:
1035 880 1106 985 qui
1130 907 1257 984 quum
1281 907 1302 954 v

244 1002 407 1106 inissent,
435 997 679 1102 interpretati
704 1015 797 1075 sunt
820 999 960 1074 omnia.
1011 999 1224 1100 Quumque
1240 997 1302 1071 Ne]

239 1132 436 1220 cognosset
454 1114 610 1218 antiqui
628 1114 713 1204 viri,
739 1115 810 1218 qui
835 1113 942 1220 apud
957 1100 1076 1192 Ilium
1088 1113 1231 1204 iuerat,
1257 1109 1302 1187 ha

241 1257 318 1310 esse
342 1249 613 1322 monumenta,
626 1231 748 1309 'iussit
773 1232 817 1310 in
837 1232 1018 1309 Graecum
1035 1255 1249 1310 sennonem
1270 1228 1303 1304 iu

238 1523 324 1592 periti
342 1527 510 1574 correctores
527 1519 712 1592 vrslgsuernnt.
734 1521 853 1580 Merces,
888 1519 964 1572 MSS.
985 1522 1049 1582 moi,
1068 1519 1115 1573 Esl.
1131 1519 1254 1573 Prinnet
1272 1520 1303 1572 01

237 1593 393 1646 consulari.
429 1591 560 1660 Scioppio
579 1589 671 1642 Purcd.
693 1591 744 1642 tit.
764 1592 848 1660 Epist.
869 1591 900 1643 V.
921 1591 1182 1644 contre²lttercerum
1198 1591 1302 1642 claruan

238 1663 309 1714 alios
328 1663 414 1716 libros
433 1665 586 1730 scriptosn
620 1677 654 1714 ue
673 1676 707 1713 cx
724 1659 767 1713 lois
787 1659 876 1712 editos
894 1660 1167 1732 heberepraestdt,
1194 1662 1304 1714 silentiu

237 1733 486 1786 tubetssronovius
498 1731 578 1788 Obss.
598 1731 697 1786 becles.
719 1745 741 1786 e.
754 1747 796 1792 nt,
817 1734 861 1782 cui
879 1733 1024 1787 consulari
1041 1731 1071 1782 iu
1089 1731 1146 1783 MS.
1164 1730 1231 1782 Cod.
1253 1733 1304 1782 lsai

236 1803 332 1858 vortit
349 1804 452 1872 putuit.
495 1803 531 1856 lt
556 1817 621 1856 vero
641 1805 803 1870 seriptursm
819 1801 957 1872 praesidi,
979 1810 1112 1874 quaeest
1132 1805 1215 1854 etiem
1237 1805 1269 1856 in
1289 1803 1304 1854 Ε

237 1874 310 1927 Crat.
330 1881 359 1927 et
376 1889 409 1926 cx
431 1873 482 1926 hnc
500 1874 530 1924 in
548 1871 615 1926 Eud.
638 1873 718 1925 anil.
739 1873 947 1940 posterioribus,
968 1881 1122 1942 corruptam
1140 1888 1199 1925 csse
1218 1888 1253 1924 cx
1269 1892 1304 1944 pr

236 1943 349 2000 consuli
353 1984 364 2008 ,
380 1943 457 2016 qnod
475 1943 584 1996 scribor
601 1945 709 1996 concise
725 1959 834 2013 procos.
853 1959 964 1997 curare
981 1943 1118 2008 solebnnt,
1138 1959 1227 2016 posue
1245 1943 1305 1995 addi

238 2033 285 2070 tor
301 2023 335 2068 ut
353 2013 470 2068 credun.
513 2015 553 2068 Eo
578 2013 725 2084 proclivior
744 2014 852 2066 snisuns
874 2022 915 2066 est
941 2014 976 2068 sd
994 2012 1065 2066 hanc
1082 2013 1252 2084 opinionem,
1271 2033 1305 2085 qu

238 2087 322 2139 etiam
343 2087 457 2139 nominc
475 2083 635 2140 surcularis
654 2093 682 2137 et
700 2084 853 2154 proconsul
868 2083 1012 2154 pascimin
1026 2083 1104 2143 MSS,
1118 2083 1305 2138 confunduntu

238 2165 271 2210 uc
289 2156 367 2216 eccs.
383 2159 414 2210 ii.
434 2156 454 2208 C
485 2156 505 2206 1.
526 2157 565 2219 5.;
581 2163 666 2226 atque
682 2155 757 2226 quod
770 2153 899 2208 desidero
913 2171 988 2208 nunc
1005 2155 1118 2228 quidem
1135 2155 1305 2210 testimonias

238 2243 274 2352 fx
295 2244 352 2300 quo
361 2225 454 2351 tgrets
472 2223 940 2349 fiiriffliiilipmedwti‘iiinim
957 2227 1140 2350 offlam
1148 2227 1243 2351 ἓιιίι
1252 2227 1305 2349 Ιξηιιιιι

231 2315 297 2351 1ιιιιι
314 2314 360 2349 eor
400 2313 477 2351 ‘nuru
546 2313 623 2350 snus
665 2312 695 2350 us
799 2313 816 2350 o
894 2313 919 2350 m
941 2333 947 2348 .
1008 2313 1034 2350 te
1093 2312 1141 2349 cs
1210 2313 1241 2350 ιιι
1300 2316 1306 2350 ι

237 2369 331 2442 Antiq.
351 2368 429 2424 lium.
448 2368 545 2422 Grncv.
563 2365 596 2418 Τ.
617 2366 676 2419 vlt.
695 2381 722 2434 p.
744 2368 826 2438 176²,
846 2313 1003 2421 Groniisius
1021 2367 1040 2420 l.
1060 2366 1091 2432 l.,
1108 2365 1245 2420 llcursius
1263 2367 1306 2421 Cr«

239 2431 285 2492 lv.
303 2441 330 2496 6.
349 2437 484 2512 aliique):
514 2435 759 2510 sprocousulilus
782 2445 873 2489 nutem
897 2453 958 2491 cem
982 2437 1102 2490 insulsus
1125 2445 1184 2492 tuus
1205 2445 1306 2506 tempor

238 2517 339 2563 recum
358 2510 445 2564 luisse
463 2513 581 2561 testetur
598 2507 714 2560 'l'ecitus
732 2509 803 2560 Anu.
822 2507 877 2559 XV.
888 2523 933 2568 no.
967 2509 1159 2562 Proconsulern
1173 2509 1270 2561 Cretae
1289 2508 1306 2559 d

237 2581 315 2634 eierat
333 2581 480 2649 Augustus,
499 2583 548 2649 qui
567 2577 677 2630 Cretam
698 2593 759 2630 curn
776 2579 926 2644 Cyrenaica
940 2595 1022 2632 unum
1037 2581 1206 2650 provinciam
1223 2579 1306 2631 iecere

236 2659 320 2724 etque
339 2649 388 2704 (ltu
407 2651 454 2704 hic
471 2651 645 2719 magistratus
665 2649 693 2700 in
712 2664 744 2700 en
763 2649 853 2702 iusuln
871 2651 1038 2718 permensit:
1055 2649 1169 2704 Tiberio
1181 2651 1266 2711 enim,
1286 2652 1306 2702 li

237 2739 303 2778 rone
314 2731 342 2778 ct
353 2721 495 2775 lindrisuo
504 2719 705 2790 imperantibus
719 2717 898 2776 cornicantur
911 2721 951 2772 ibi
962 2721 1146 2790 proconsules.
1158 2735 1182 2771 v.
1194 2721 1306 2774 Paneiro

235 2811 258 2846 e.
281 2797 337 2865 ¹³7·
357 2809 382 2862 p.
404 2795 482 2864 1673,
502 2791 603 2845 Meurs.
623 2792 641 2844 l.
660 2790 678 2842 l.
697 2815 729 2832 ·-
750 2787 827 2860 Quid
847 2790 975 2844 different
995 2791 1172 2862 proconsules
1191 2797 1219 2842 ct
1236 2807 1303 2844 cous

237 2865 323 2926 lares,
352 2863 413 2917 iuss
436 2863 518 2916 docet
535 2861 648 2916 salmes.
668 2860 703 2914 ed
725 2857 1022 2931 spartianum.
1048 2861 1127 2914 Adde
1154 2861 1297 2914 Penciroit.

275 2975 280 2984 .
301 2953 327 3005 p.
353 2935 426 3003 1598.
450 2942 479 2988 ct
506 2932 685 3002 Qrdendorp.
711 2931 746 2984 ed
770 2931 884 2984 Sueten.
907 2931 1002 2985 mute
1025 2949 1048 2986 c
1073 2950 1094 2986 ι.
1112 2949 1141 3001 p.
1160 2935 1218 3002 093.
1242 2949 1306 3002 ιφ·

268 3019 352 3056 unere
370 3004 521 3058 consularis
542 3003 661 3055 licronis
682 3009 806 3070 ternpore
824 3004 934 3056 iunctus
953 3011 1011 3068 est,
1028 3011 1098 3056 teste
1118 3003 1265 3073 Septimio,
1285 3003 1306 3056 li

236 3076 316 3128 tilius
335 3073 440 3142 husus.-
471 3073 505 3126 dc
530 3087 587 3142 quo
611 3075 669 3124 viro
699 3072 798 3124 lubens
823 3073 920 3125 iverim
945 3074 975 3124 in
999 3075 1164 3127 seutentiam
1190 3072 1306 3124 Obrecht

237 3145 356 3196 cundem
381 3161 446 3196 eum
470 3159 530 3197 esse
555 3142 695 3196 censentis
720 3157 783 3195 cum
802 3141 832 3201 C.
849 3143 923 3196 lulio
941 3144 1035 3218 liufo,
1082 3143 1110 3196 ui
1139 3161 1201 3196 cunr
1219 3143 1306 3196 Fonte

238 3213 373 3282 Capitone
392 3215 476 3267 tertio
496 3213 603 3266 decimo
622 3211 740 3265 Neronis
757 3224 849 3272 tuno,
871 3213 968 3266 codem
994 3231 1049 3286 quo
1061 3163 1165 3281 ittuye
1184 3215 1270 3266 fertur
1296 3233 1306 3265 r

239 3292 350 3353 pertus,
368 3284 466 3336 consul
485 3283 646 3336 nominetur
664 3283 694 3334 in
713 3281 807 3336 Fastis.
826 3281 909 3338 Thes.
927 3287 1022 3358 Antiq.
1044 3287 1118 3338 lium.
1138 3285 1232 3338 Grccv.
1248 3283 1306 3340 'nt

237 3373 263 3426 p.
282 3357 333 3408 218
353 3362 426 3425 etp.
449 3357 509 3409 sse.
529 3353 563 3406 cf.
584 3353 691 3406 licnric.
711 3352 793 3406 lloris
812 3353 841 3404 iu
859 3354 943 3423 Epist
966 3355 1079 3410 Consul.
1099 3355 1168 3408 ibid.
1186 3373 1212 3426 pt
1231 3355 1294 3422 lut.

238 3425 366 3480 Obcrlin.
386 3425 421 3476 ael
441 3426 531 3481 Tacit.
556 3423 624 3475 ritu.
644 3423 665 3480 l.
687 3441 711 3492 7.

236 3570 258 3621 Α
280 3513 366 3620 teceusu
385 3493 605 3619 omilium.)
622 3495 687 3565 Ipso
706 3494 830 3547 revouvt
843 3509 877 3546 ex
895 3493 922 3546 S.
940 3493 1306 3550 Gett.sectx.ettu.rrt1

261 3585 279 3622 n
309 3584 397 3620 sonu
460 3582 533 3618 cur.

304 3639 414 3706 oblatu)
431 3637 503 3696 Cret.
519 3635 642 3698 oblutus,
663 3633 721 3686 scil.
740 3633 845 3687 litc'rns.
882 3635 924 3688 Dc
938 3639 1045 3700 pencris
1064 3634 1193 3704 enallage
1208 3653 1233 3688 v.
1255 3627 1291 3689 ‘cd

235 3709 277 3764 26.
314 3711 345 3762 ln
363 3723 439 3780 seqq.
467 3709 493 3760 S.
512 3704 585 3760 Gall.
606 3722 673 3776 opp.
697 3705 728 3758 in
745 3703 826 3782 Ιιὶιῇ
845 3702 924 3760 dicta
942 3707 1097 3760 secretiora
1118 3719 1191 3762 cont.
1211 3707 1293 3758 licre.

235 3779 282 3838 lid,
311 3780 395 3835 Mero.
424 3779 502 3834 Haec
527 3789 619 3832 autem
645 3792 728 3850 quum
746 3776 829 3832 Nero.
853 3775 927 3832 Cret.
945 3778 1005 3832 Has
1022 3789 1124 3832 cutem.
1148 3775 1248 3831 Eadem
1268 3778 1306 3832 ini

235 3851 407 3908 Phoeniccss
423 3865 481 3904 etse
499 3851 555 3908 litt.
641 3917 647 3931 .

235 3995 282 4048 u.
302 3917 466 4048 titii
481 3915 1235 4062 {ttittttti..⁶ii.5tt:’.ift.t.ii.iit
1252 3935 1306 4042 'ti

139 4111 145 4138 ¹
233 4071 351 4133 uterquc
368 4059 398 4118 S.
419 4061 491 4119 Gall.
512 4073 677 4130 cognosset,
701 4074 758 4111 uon
781 4061 962 4129 cognovisset.

305 4137 356 4205 qui
376 4151 419 4204 cp.
439 4135 471 4187 ll.
479 4133 601 4204 suerat)
621 4132 742 4198 Uterque
757 4129 783 4182 S.
799 4129 873 4185 Geli.
882 4130 1011 4201 ficerunt.
1049 4129 1098 4183 lid.
1109 4131 1182 4184 Crat.
1197 4131 1247 4202 qui
1258 4149 1306 4200 prr

233 4203 275 4258 lio
302 4223 345 4275 up.
370 4203 405 4263 1t.
423 4204 530 4282 interfit
540 4213 611 4256 oret
641 4199 704 4254 etio
725 4199 822 4256 ordine
840 4199 887 4256 Ed.
911 4202 997 4255 Ptine.
1016 4207 1045 4255 ct
1065 4199 1130 4255 ote
1154 4205 1266 4273 antiqui
1282 4220 1302 4252 v
