2762 4684
233 1033 738 1133 CORNELIUS
796 1025 1074 1124 NEPOS

313 1235 705 1321 SALLUSTIO
747 1234 999 1318 GRISPO

639 1409 678 1485 S.

579 1625 744 1640 *a

105 1813 232 1952 Quam
244 1861 342 1924 multa
356 1857 484 1926 Athenis
501 1856 731 1924 studiosissime
751 1877 891 1939 agerem,
918 1856 1027 1924 inveni
1045 1857 1208 1926 historiam

104 1963 231 2028 Daretis
245 1963 382 2047 Phrygii,
408 1963 508 2050 ipsios
523 1983 618 2026 manu
633 1963 787 2050 scriptam,
808 1971 843 2023 ut
855 1961 961 2026 titulus
975 1960 1100 2045 indicat,
1116 1987 1210 2052 qoam

106 2065 147 2130 tle
167 2064 294 2132 Graecis
317 2078 349 2130 et
367 2066 513 2130 Troianis
536 2067 707 2129 memoriae
732 2061 973 2130 commendavit.
1025 2065 1130 2148 Quam
1149 2089 1208 2152 ego
1264 2077 1266 2080 ’

107 2191 229 2234 summo
245 2191 351 2234 amora
374 2172 571 2257 complexus,
597 2171 743 2233 continuo
766 2168 917 2231 transtuli.
970 2167 1119 2234 Cuinihil
1138 2170 1209 2236 adi-

108 2273 254 2336 ciendum
278 2274 330 2336 rel
347 2271 584 2336 diminuendam
600 2269 790 2336 reformandi
810 2291 901 2334 caasa
925 2273 1049 2358 putavi,
1073 2275 1210 2362 alioquin

105 2390 178 2440 mea
201 2387 310 2463 posset
328 2375 440 2440 rideri.
493 2375 659 2463 Optimum
678 2395 752 2455 ergo
767 2371 860 2451 duxi,
885 2385 934 2453 ut,
953 2375 999 2437 ita
1014 2387 1048 2439 ut
1062 2376 1121 2440 tuit
1135 2399 1210 2442 rere

106 2491 140 2543 et
161 2475 340 2566 simpliciter
352 2479 539 2566 perscripta,
562 2480 606 2542 sic
629 2499 699 2541 eam
714 2478 748 2540 in
762 2477 947 2540 latinitatem
962 2490 1210 2562 transvectorem,

106 2593 142 2644 ut
163 2583 302 2664 legentes
319 2603 505 2664 cognoscere
524 2593 668 2669 possent,
695 2577 852 2666 quomodo
874 2580 934 2643 ltae
958 2601 1008 2644 res
1031 2595 1137 2668 gestae
1159 2605 1212 2650 es-

108 2697 198 2750 sent:
223 2697 325 2750 utram
342 2688 443 2767 magis
459 2671 534 2748 'vera
549 2706 619 2749 esse
634 2685 823 2761 existiment,
850 2704 928 2769 quae
944 2679 1045 2750 Dares
1057 2685 1211 2770 Phrygius

107 2791 280 2853 memoriae
295 2786 544 2868 commendavit,
571 2788 624 2874 qui
642 2809 699 2876 per
715 2780 749 2850 irl
766 2797 888 2874 tempus
901 2788 983 2852 vixit
1005 2801 1036 2852 et
1053 2791 1210 2872 militavit,

108 2913 171 2976 quo
191 2889 302 2956 Graeci
326 2893 481 2956 Troianos
502 2903 729 2980 oppugnarent3
753 2909 834 2952 anne
851 2889 991 2954 Homero
1014 2891 1211 2978 credendum,

109 2995 163 3079 qui
178 3006 250 3082 post
261 2997 376 3060 multos
391 3015 489 3059 annos
503 3008 594 3058 natus
610 3007 666 3074 est,
693 3013 786 3080 quam
797 2993 858 3057 hoc
870 2995 984 3058 bellum
999 3009 1120 3077 gestam
1131 3000 1212 3064 iuis-

109 3109 168 3160 set.
219 3095 259 3162 cle
282 3119 342 3186 qua
360 3119 394 3162 ro
415 3099 545 3161 Athenis
566 3096 715 3161 iodicium
733 3098 806 3175 fuit,
833 3117 928 3181 quum
941 3117 997 3184 pro
1015 3099 1128 3166 msano
1140 3103 1212 3168 110-

108 3219 214 3265 meros
233 3202 414 3281 haberetur,
440 3200 523 3287 quod
541 3199 628 3266 Deos
648 3223 718 3266 cum
736 3199 915 3264 hominibus
937 3199 1134 3286 belligerasse
1153 3204 1211 3270 de-

108 3305 276 3392 scripserit.
318 3303 383 3370 sed
396 3305 545 3369 hactenus
559 3306 630 3370 ista.
669 3305 759 3372 Nunc
771 3301 812 3368 ad
826 3299 998 3394 pollicitum
1011 3321 1211 3376 revertemur.

570 3545 776 3560 *w

187 3705 454 3782 DARETIS
488 3705 747 3785 PHRYGII
775 3707 850 3784 DE
876 3705 1133 3788 exemto

381 3811 612 3889 TROIAE
637 3809 944 3892 HISTORIA.

587 3989 681 4060 (in.
705 3989 733 4059 l.

213 4097 316 4190 Piliae
335 4147 393 4192 rex
409 4127 565 4194 leronem
585 4131 714 4194 lrsoem
728 4125 847 4194 habuit.
894 4123 1026 4193 Aesonis
1042 4125 1126 4196 filios
1145 4141 1211 4196 erat

109 4217 221 4308 Isson,
240 4229 357 4295 virtute
375 4243 553 4318 praestruat
578 4243 611 4297 et
632 4233 685 4319 qut
705 4233 763 4299 aab
780 4233 849 4298 eius
867 4251 963 4316 regno
978 4245 1082 4304 eant.
1100 4255 1212 4300 omnes
