2860 4688
431 409 530 462 namt
553 405 700 458 moratu
725 409 791 459 ιιι.
818 409 858 460 ιι.
1133 391 1179 464 st

89 597 265 691 Achille,
300 598 413 680 cuius
448 601 489 678 id
524 599 741 708 praemium
775 627 849 707 pro
874 601 1007 678 multis
1031 617 1070 678 et
1094 627 1197 705 egre·

89 717 166 820 giis
198 715 442 795 facinoribus
472 718 619 806 luerat,
643 717 825 794 ellectum
848 715 999 795 babuit.
1047 720 1196 794 Tantus

90 861 206 912 amor
238 835 453 912 exercitum
481 861 570 940 erga
607 859 778 938 curaque
808 834 851 913 in
886 837 1016 913 animo
1053 837 1192 940 egregii

89 950 344 1028 adnleseentia
369 952 569 1030 insederat.
626 954 754 1056 Igitur
777 951 932 1030 adversa
957 972 1194 1030 cunctorum

89 1069 316 1156 voluntate,
349 1095 479 1174 neque
514 1088 644 1146 umen
681 1093 883 1173 quoquam
918 1071 1047 1175 palam
1083 1096 1194 1145 recu·

90 1205 222 1274 mute,
261 1191 544 1290 Agamemnon,
579 1205 768 1290 tanquam
800 1188 851 1264 ab
882 1189 1063 1264 omuibus
1102 1213 1194 1262 con-

91 1327 191 1377 sessa
227 1325 287 1380 res
327 1301 540 1395 videretur,
586 1303 810 1394 lictoribus,
848 1319 895 1380 ut
930 1301 1193 1410 Hippodamia

92 1417 603 1526 abstraheretur,„imperatt
630 1419 751 1526 hique
767 1420 874 1496 brevi
892 1421 990 1498 iussa
1007 1421 1190 1496 efficiunt.

93 1536 259 1612 Interim
283 1541 522 1642 Astynomen
547 1539 687 1616 Graeci
722 1563 793 1646 per
815 1538 1043 1614 Diomedem
1072 1556 1189 1642 atque

94 1651 249 1726 Ulixem
278 1677 370 1727 cum
403 1677 542 1754 magna
567 1652 679 1758 copia
703 1652 951 1730 victimarum
978 1651 1190 1728 aelianum

91 1765 288 1872 Apollinis
324 1769 574 1845 transmisere.
635 1769 739 1846 Dein
780 1767 950 1876 perlecto
985 1767 1189 1858 saediieio,

94 1883 304 1988 paullatim
327 1883 383 1960 vis
406 1883 499 1960 mali
525 1883 642 1960 leniri
667 1885 766 1978 visa,
793 1909 920 1990 neque
943 1884 1111 1991 amplius
1134 1899 1191 1961 at·

95 1997 239 2074 tentari
264 2025 444 2104 corpora;
470 2019 510 2077 et
531 2027 677 2093 eorum,
698 2002 769 2106 qui
788 2019 900 2078 antea
916 1999 1192 2104 fatigabantur,

95 2131 285 2218 unquam
305 2135 455 2221 sperato
471 2117 658 2196 divinitus
674 2118 881 2206 levamine,
908 2117 1081 2196 relaxari.
1132 2121 1192 2196 lu

96 2230 205 2306 brevi
237 2257 309 2337 per
338 2231 564 2310 universum
592 2236 805 2312 exercitum
829 2233 1035 2312 salubritas
1059 2233 1191 2338 rigor*

93 2371 171 2450 que
204 2348 341 2426 solitus
374 2369 578 2427 renovatus
607 2369 674 2428 est.
721 2351 896 2431 Mittitur
920 2350 1039 2428 etiam
1061 2350 1192 2428 Philo·

94 2481 217 2540 ctetac
252 2464 304 2541 ad
342 2467 532 2544 lemnum
570 2469 698 2574 portio
733 2467 898 2574 praedae
937 2469 1034 2556 eius,
1070 2493 1191 2572 quam

95 2581 234 2656 Graeci
259 2609 330 2690 per
354 2583 508 2662 Aiacem
532 2604 650 2692 atque
666 2589 857 2666 Achillem
872 2585 1069 2664 advectam
1087 2584 1192 2661 inter

95 2721 136 2771 se
157 2697 305 2774 viritim
331 2697 623 2780 distribuerant.

192 2812 375 2892 XXXlV.
424 2818 604 2894 Ceterum
628 2809 814 2908 Achilles,
848 2841 997 2892 memor
1021 2810 1190 2890 iniuriae

96 2927 361 3032 supradictae,
395 2929 668 3011 abstinendum
693 2933 853 3041 publico
879 2931 1038 3010 consilio
1063 2927 1192 3006 decre·

95 3063 214 3136 terat,
239 3043 328 3124 odio
344 3051 512 3126 maxime
534 3051 831 3156 Agamemnonis
846 3049 1069 3152 abolitoque
1086 3074 1191 3124 amo·

96 3185 157 3252 rc,
194 3187 313 3266 quem
346 3166 447 3244 circa
473 3169 637 3246 Graecos
660 3163 872 3260 habuerat3
904 3163 1050 3245 scilicet
1083 3159 1192 3270 quod

101 3364 384 3387 mn·—

165 3497 247 3550 cas'tts
262 3495 298 3551 s'd
311 3501 429 3570 prm.)
446 3498 520 3554 Crat
539 3501 594 3556 cui.
613 3516 647 3552 cx
665 3502 901 3572 interpretatione.
938 3503 1098 3558 Genitirum
1116 3503 1190 3557 entm

97 3579 231 3635 mcpe
249 3571 315 3637 poni
338 3569 399 3620 lom
419 3569 529 3634 nativi,
557 3571 711 3625 docuerunt
729 3574 846 3626 Gronov.
866 3575 902 3626 ad
920 3574 977 3630 lair.
997 3575 1118 3635 lllllllll.
1146 3577 1192 3646 2⁴,

98 3635 228 3690 ostend.
245 3639 278 3690 sd
295 3639 372 3691 Caes.
392 3641 421 3691 tt.
439 3641 470 3692 G.
487 3642 520 3694 V.
542 3645 595 3712 44,
613 3644 686 3696 Corl.
708 3644 743 3695 arl
760 3645 826 3696 Sall.
844 3647 899 3713 lug·
919 3665 945 3704 a.
966 3649 990 3700 3.

166 3710 317 3762 exereitum
335 3719 418 3782 erga)
437 3711 462 3763 S.
485 3711 557 3764 Gall.
576 3729 628 3766 sec.
648 3713 699 3775 1x‚
721 3716 768 3766 t'd.
787 3716 874 3767 Priae.
894 3725 923 3769 et
944 3717 1014 3768 Cret.
1033 3733 1191 3788 ergaster-

98 3777 146 3830 eit.
181 3779 303 3846 Pergitur
321 3783 350 3832 iu
370 3781 442 3834 Crat.
464 3798 588 3857 curaque
615 3787 900 3841 animo-incesserat.
937 3785 1039 3842 lisdem
1057 3789 1129 3842 lulrs
1153 3787 1190 3842 sb

97 3847 207 3902 Mille
223 3850 440 3906 abstraheretur.

171 3919 290 3992 mirem)
310 3923 389 3974 bern.
409 3921 518 3976 Ulixen.
536 3942 561 3975 r.
579 3923 612 3978 sd
630 3925 676 3977 Vl.
694 3925 720 3978 6.

167 3989 257 4044 leniri
272 3993 350 4060 viss)
366 3993 416 4045 Ed.
434 3993 501 4046 Obr.
520 4011 572 4046 om.
591 3997 664 4048 uisa.
700 3995 762 4053 bib.
781 3996 812 4047 V.
831 3997 857 4056 8.
876 3997 1014 4062 restingui
1029 4003 1129 4070 ignes,
1157 4013 1193 4051 aa

96 4071 219 4128 repente
237 4063 355 4115 interire
372 4063 436 4116 uisi.
456 4064 503 4114 lll.
523 4069 565 4119 ati.
583 4065 723 4120 Hecubam
730 4096 743 4106 -
744 4067 841 4138 fiscsm
864 4087 917 4142 pur
936 4073 1056 4140 quietem
1075 4065 1193 4123 edidisse

19 4153 21 4200 f
96 4129 198 4184 visu
234 4133 300 4186 ator
318 4131 346 4190 S.
367 4133 439 4186 Gall.
459 4151 522 4204 opp.
535 4139 708 4209 ,attemptari

19 4201 20 4224 ³
170 4213 307 4272 ιωιᾳιιαιιι
326 4209 450 4276 sperato)
466 4205 597 4260 lirndatur
607 4221 758 4281 tanquam,
777 4212 816 4261 alt
829 4209 1004 4276 vindingius.
1025 4209 1122 4260 tteseto
1134 4209 1194 4264 cur?

166 4269 209 4327 ad
223 4273 366 4347 hm)
385 4277 427 4328 lta
444 4277 512 4330 libri
528 4280 591 4334 tuci.
612 4281 697 4347 tntgo
718 4297 772 4338 om.
790 4278 834 4334 ad.
846 4281 953 4335 etCrst
961 4277 1045 4334 babet
1061 4281 1190 4336 Ιιιιιιιιοιι.
