2762 4684
368 313 419 372 ott
435 311 589 374 uxctutu
606 310 749 372 multu
763 311 948 374 motu.
1169 311 1211 376 l'l

104 521 177 567 eum
190 497 325 590 epolime
338 509 438 588 paret.
487 497 611 564 Merion
625 519 698 564 mnu
711 519 752 564 ex
767 497 848 576 acie,
872 517 914 562 ue
928 497 1127 586 spoliaretur,
1147 503 1210 568 eri-

102 607 179 694 puit.
231 605 348 668 Hector
359 602 535 668 Merionem
555 605 750 691 persequitur
769 612 801 666 et
822 599 946 667 oceidit.
995 598 1101 682 Quem
1114 624 1210 690 quum

104 707 248 774 similiter
265 707 400 795 spoliare
414 707 519 786 vellet,
545 705 675 774 advenit
693 705 852 793 suppetias
865 703 1067 770 Mnmtlreus:
1091 707 1210 774 Hecto·

102 813 147 878 ris
164 816 266 876 femur
278 811 407 876 sauciat.
441 809 571 875 Saucius
586 831 710 898 quoque
720 811 818 874 multa
831 808 930 872 millia
949 807 1078 872 occidit:
1093 822 1126 874 et
1137 833 1210 900 per-

103 925 280 980 eevmaeeet
296 907 433 981 Achivos
444 915 567 978 mittere
580 915 615 980 in
630 917 753 997 lugam,
778 913 841 978 uisi
861 913 974 977 obrius
992 913 1040 978 illi
1050 913 1131 978 Aiax
1144 915 1210 981 Te-

102 1019 259 1089 lamonius
287 1019 409 1082 luisset.
460 1014 540 1082 eum
565 1039 628 1104 quo
656 1037 752 1106 quum
776 1013 1026 1100 congrederetur,
1052 1021 1209 1101 cognovit,

103 1145 177 1188 eum
189 1143 260 1186 esee
277 1119 317 1186 de
331 1120 481 1202 sanguine
496 1141 573 1186 suo:
598 1133 664 1186 erat
675 1121 761 1186 enirn
772 1117 813 1184 de
823 1119 975 1200 Hesiona,
998 1141 1105 1186 sorore
1120 1122 1210 1188 Pria-

101 1226 158 1305 mi,
179 1237 283 1290 natue.
333 1221 408 1306 Quo
421 1217 512 1312 pacto
523 1223 641 1290 Hector
661 1224 826 1290 anavibus
838 1223 946 1306 ignem
966 1225 1122 1291 removeri
1140 1227 1209 1294 ius-

103 1330 161 1422 sit:
173 1341 206 1394 ot
216 1329 337 1416 utrique
348 1347 385 1394 se
396 1327 534 1392 invicem
545 1337 828 1408 remuneraverunt,
842 1340 875 1391 et
885 1327 979 1392 amici
990 1325 1209 1398 disceeeenmt.
1237 1349 1240 1357 “

557 1496 647 1564 Cur.
672 1497 753 1564 XX.

204 1639 334 1704 Postera
355 1637 407 1703 die
421 1635 617 1722 Graiugenae
632 1635 773 1702 inducias
785 1643 903 1724 petunt.
952 1637 1086 1702 Achilles
1097 1637 1209 1704 Patro·

102 1741 183 1806 olum
196 1743 324 1830 plangit,
347 1741 543 1824 Graiugenae
557 1761 643 1807 euos.
692 1741 907 1824 Agamemnon
920 1739 1125 1806 Protesilaum
1138 1763 1208 1806 ma-

101 1845 216 1926 gnilica
237 1849 346 1910 funere
376 1847 482 1926 effert,
515 1856 694 1932 ceterosque
715 1840 913 1932 sepeliendos
931 1854 1025 1909 curat.
1074 1846 1208 1912 Achilles
1308 1855 1315 1872 '

100 1946 242 2014 Patroclo
257 1946 348 2014 ludos
363 1951 509 2013 funebres
521 1949 607 2014 facit.
657 1946 743 2011 Dum
758 1944 904 2013 induciae
917 1959 999 2028 eunt,
1024 1946 1209 2016 Palamedes

100 2072 166 2115 non
182 2064 283 2118 cessat
297 2050 486 2118 seditionem
502 2054 621 2116 facere:
645 2047 811 2133 indiguum
822 2070 929 2132 regem
942 2052 1210 2135 Agamemnonem

101 2173 188 2235 esse,
218 2155 272 2242 qui
285 2155 435 2220 exercitui
450 2155 633 2242 imperaret,
659 2164 691 2217 et
702 2151 865 2218 indoctum
876 2152 966 2220 dixit.
1016 2155 1089 2244 Ipse
1102 2179 1208 2224 noram

101 2257 240 2322 exercitu
257 2259 356 2323 multa
370 2279 427 2324 aua
442 2257 580 2326 ostendit
593 2255 713 2322 surdis:
737 2257 841 2344 primo
854 2277 944 2322 suam
959 2261 1207 2345 exscensionem,

101 2373 273 2426 castrorum
286 2363 503 2442 munitionem,
517 2361 696 2444 vigilianum
710 2359 932 2440 circuitionem,
947 2363 1029 2443 eigni
1037 2361 1207 2446 dationem,

101 2465 250 2528 librarum
268 2465 503 2552 ponderumque
522 2463 768 2560 dimensionem,
794 2463 1008 2551 exercitusque
1028 2467 1207 2532 instructio-

101 2587 178 2632 nem
196 2567 342 2632 ostendit.
393 2570 480 2634 Haec
502 2589 598 2654 quum
618 2588 638 2631 a
660 2586 695 2631 ee
718 2563 955 2649 enutrissem,
983 2589 1049 2634 nou
1073 2588 1207 2657 aequum

102 2690 184 2750 cere,
209 2691 336 2758 quuma
351 2673 640 2760 paucissimperium
651 2668 880 2751 Agamemnoni
894 2668 1002 2736 datum
1014 2684 1107 2754 esset,
1134 2695 1207 2740 eum

101 2775 258 2856 omnibus,
285 2777 338 2862 qui
354 2789 465 2864 postea
477 2777 706 2855 convenissent,
727 2775 891 2862 imperare,
914 2792 1010 2862 quum
1025 2778 1208 2864 praesertim

101 2899 213 2944 omnes
224 2879 386 2960 ingenium
399 2893 432 2944 et
442 2880 590 2944 virtum
604 2889 796 2967 spedassent
806 2879 842 2942 in
853 2875 982 2944 ducibus
996 2881 1072 2945 ruis.
1122 2881 1208 2948 Dum

100 2983 213 3048 Achivi
227 2980 268 3046 de
279 2983 413 3070 imperio
427 2984 508 3048 inter
522 3003 556 3048 ee
567 2982 709 3048 riciseim
722 2992 847 3060 mant,
863 2983 1017 3070 proelium
1032 2995 1106 3073 post
1116 2987 1208 3050 bien·

100 3086 189 3150 nium
208 3087 375 3174 repetitum
398 3098 456 3153 eet.
506 3087 735 3168 Agamemnon,
759 3085 902 3166 Achilles,
924 3086 1114 3169 Diomedes,
1135 3089 1207 3156 Me-

100 3191 211 3252 nelaus
233 3191 404 3256 exercitum
427 3187 570 3254 edurum.
620 3188 736 3254 Genua
756 3189 890 3270 Hector,
916 3190 1060 3275 Troilus,
1085 3194 1208 3260 Aeneas

99 3303 271 3356 occurram.
319 3293 372 3358 Fit
379 3313 498 3375 magna
513 3289 641 3373 caedes,
664 3315 707 3358 ex
723 3304 851 3380 utraque
868 3305 956 3382 perte
975 3297 1141 3362 fortissimi
1154 3319 1207 3362 ca-

101 3393 189 3462 dunt.
238 3395 357 3462 Hector
376 3395 528 3477 Boetem‚
552 3396 771 3462 Archilochum
789 3409 823 3462 ct
843 3394 1088 3466 Prothoenorem
1112 3399 1208 3466 duces

101 3497 225 3566 oceidit·
273 3497 349 3564 Nox
375 3502 529 3589 proelium
554 3497 684 3566 dirimit.
733 3500 948 3584 Agamemnon
972 3515 1066 3568 noctu
1096 3524 1208 3570 omnes

102 3599 195 3668 duces
215 3602 250 3668 in
274 3603 439 3668 concilium
458 3615 633 3674 convocate
653 3601 783 3687 suedet,
803 3605 959 3685 hortatur,
984 3617 1019 3670 ut
1039 3625 1151 3702 omnes
1172 3608 1207 3672 in

101 3706 201 3772 eciem
215 3704 376 3796 prodeant,
398 3719 431 3772 et
444 3707 584 3774 maxima
596 3709 765 3775 Hectorem
779 3719 1010 3798 persequantur,
1036 3709 1090 3796 qui
1102 3707 1142 3776 de
1154 3710 1207 3776 his

102 3809 222 3898 aliquos
234 3809 329 3878 duces
346 3811 536 3878 nrunimos
552 3810 675 3880 occidit.

546 3983 637 4051 Car.
662 3981 760 4052 XXI.

201 4117 297 4186 Mane
310 4133 416 4188 autem
428 4125 520 4203 samo,
546 4123 672 4203 Hector,
692 4121 824 4200 Aeneae,
848 4117 1024 4187 Alexander
1036 4125 1207 4195 exercitum

101 4218 242 4291 educunt.
285 4224 408 4294 Omnes
428 4225 522 4294 duces
534 4227 721 4310 Argivorum
731 4221 895 4328 prodeunt,
936 4225 989 4290 Fit
1003 4247 1117 4312 magna
1134 4249 1205 4292 cae-
