2766 4690
230 412 304 488 ³88
535 428 807 484 oosmrrnonta
830 429 869 481 in
893 427 961 482 un
985 429 1013 482 t.

310 639 387 706 quas
408 621 448 684 ob
468 621 580 685 desert.
598 621 684 682 dum·
706 649 746 668 -·
767 618 926 699 metuebat)
966 616 1320 700 eonmrrtobmchtus

225 719 335 804 virgil.
359 719 440 782 Aen.
458 721 500 787 ll.
523 719 595 802 571.

302 821 342 887 Χ.
355 843 415 882 noa
428 823 566 896 inuitam)
576 818 665 881 Multi
676 819 719 880 sic
730 817 923 880 tradideret.
938 815 1041 880 Fucbe
1050 817 1176 897 Quaest.
1184 818 1318 902 pfitnq.

307 921 363 987 Xl.
405 922 450 981 uti
464 941 525 1004 per
554 917 658 980 ιὶοἰιιηι
686 918 802 1001 legator
828 918 1104 994 cirmmuenimul·
1130 916 1320 999 Praecipuus

222 1019 386 1080 insidiator
407 1031 472 1082 erat
496 1019 696 1080 Antimachus
716 1019 769 1095 (V.
792 1037 822 1084 n.
848 1015 909 1097 4.),
931 1019 985 1100 qui
1006 1019 1143 1080 omnium
1164 1021 1316 1094 maxime,

222 1141 294 1180 cum
304 1121 429 1180 Troiani
441 1118 588 1180 Helenam
611 1117 799 1180 reddendam
820 1115 1009 1196 clamarent,
1030 1117 1150 1180 obstitit
1172 1119 1318 1194 (timii.

222 1219 392 1301 Acceperat
420 1217 486 1285 scil.
508 1219 548 1280 ab
578 1217 758 1278 Alexandro
787 1218 966 1298 pecuniam,
999 1227 1035 1278 ut
1068 1217 1191 1278 insidias
1209 1214 1318 1300 legatis

222 1327 364 1381 strueret.
396 1317 484 1385 Hom.
517 1317 553 1380 ll.
574 1317 627 1378 Xl.
654 1318 721 1378 rai.
751 1315 829 1394 1583
860 1315 981 1376 Auctor
1009 1312 1071 1378 τῶν
1094 1317 1149 1397 Tp.
1182 1318 1215 1376 in
1239 1315 1317 1380 utut

222 1417 351 1481 Uffeob.
376 1419 433 1480 Vl.
457 1440 486 1501 p.
509 1416 592 1494 6613
613 1417 713 1478 Trete.
737 1415 903 1478 Antehom.
929 1415 996 1484 160.
1017 1414 1070 1478 ubi
1091 1415 1131 1478 ct
1153 1415 1278 1480 trech.

305 1519 378 1581 ΧΠ.
418 1520 599 1603 interposita
619 1515 829 1604 iurisiurandi
846 1517 1001 1598 mligrbroel
1060 1515 1128 1578 Hoc
1146 1535 1248 1578 unum
1269 1523 1316 1576 ert

222 1618 463 1680 iusiurandum:
485 1617 624 1700 seqnitur
647 1616 783 1678 alterum
805 1636 833 1680 c.
859 1613 915 1692 t5,
935 1635 999 1698 quo
1018 1635 1124 1678 omnes
1142 1613 1216 1678 belli
1236 1615 1314 1678 socii

221 1719 313 1800 Argia
333 1720 535 1796 confirmant,
569 1737 631 1780 nou
659 1726 793 1802 eute‚se
812 1719 845 1776 iu
866 1715 981 1798 patiam
1001 1735 1197 1792 reversuros,
1219 1737 1313 1798 quan

221 1815 313 1880 Ilium
327 1819 482 1881 eruissent.
504 1818 615 1894 Prius,
640 1815 723 1900 quod
734 1815 861 1898 Spartae
884 1814 1024 1878 habitum
1046 1814 1182 1894 videtur,
1200 1815 1312 1900 Dictys

221 1917 308 1978 finxit
328 1916 395 1979 loeo
415 1916 479 1978 τῶν
500 1909 613 2000 ὅρκων,
642 1937 719 2000 quos
743 1925 816 1978 ante
835 1935 884 1978 rer
905 1917 1057 1978 Troianas
1068 1915 1204 1980 Helenae
1224 1917 1310 2000 proci

220 2017 352 2100 Spartae
372 2017 506 2078 iudomo
519 2017 658 2100 Tyndari
678 2016 838 2092 dederant,
862 2015 929 2078 scil.
950 2019 1101 2080 neminem
1121 2037 1158 2078 ea
1177 2037 1234 2080 suo
1254 2037 1310 2078 nu·

220 2137 306 2180 mem
327 2118 471 2180 iniuriam
490 2115 650 2178 illaturum
671 2117 712 2195 ei,
733 2135 824 2199 quem
846 2119 991 2178 maritum
1011 2117 1072 2180 ribi
1084 2114 1200 2178 Helena
1220 2115 1311 2180 desti·

220 2227 333 2279 nasset.
352 2217 463 2300 Eurip.
488 2217 560 2301 lph.
573 2215 646 2282 Aul.
661 2237 711 2300 7¹·
731 2216 851 2278 Auctor
870 2215 934 2280 τῶν
958 2217 1014 2296 Τρ.
1031 2219 1065 2278 iu
1082 2215 1162 2284 nint.
1185 2216 1309 2283 uuas.

220 2317 312 2384 Vlll.
345 2341 375 2402 p.
400 2318 472 2386 362.
489 2339 534 2401 tq.
577 2317 754 2398 Δευτέρους
784 2307 916 2398 ὅρκους,
946 2316 1057 2400 quibus
1089 2327 1158 2400 poet
1177 2317 1309 2380 Helenae
1369 2305 1370 2325 ¹

220 2430 344 2501 raptum
364 2418 509 2480 Graeciae
530 2417 683 2500 principes
704 2427 865 2478 mutuose
891 2415 1139 2496 obstrinxerunt,
1161 2437 1224 2480 non
1253 2420 1307 2478 nisi
1368 2413 1369 2433 ¹

219 2517 315 2580 Troia
335 2539 441 2582 eversa
461 2525 644 2600 receptaque
666 2515 835 2580 Helenam
855 2515 1030 2594 rediturus,
1051 2538 1114 2580 non
1134 2517 1238 2602 Argia,
1257 2517 1306 2580 aad
1367 2513 1368 2541 l

221 2617 336 2680 Aulide
355 2619 442 2682 datos
462 2637 529 2680 esse
549 2615 642 2680 ceteri
661 2614 788 2678 tradunt
806 2637 920 2680 omnes.
960 2615 1009 2678 Gi.
1033 2615 1143 2700 Virgil.
1154 2617 1235 2678 Aen.
1254 2617 1306 2683 tv,
1366 2621 1367 2649 l

220 2715 304 2798 4253
326 2721 458 2781 Pausan.
469 2721 509 2789 ΙΙ.
520 2738 580 2796 223
606 2717 685 2778 Stat.
698 2715 813 2784 Arbill.
832 2719 886 2780 lll.
909 2716 971 2796 583
987 2717 1091 2782 Taele.
1108 2715 1149 2779 ad
1158 2717 1307 2806 Lycopbr·
1365 2749 1366 2757 κ

221 2835 296 2884 aaa.
314 2819 398 2902 3293
420 2819 539 2880 Auctor
558 2814 623 2878 τῶν
646 2817 703 2895 Tp.
722 2819 755 2878 in
781 2816 815 2879 B.
836 2813 902 2883 Uff.
923 2817 1041 2883 XXIV.
1062 2837 1092 2900 p.
1113 2815 1188 2900 674.

302 2916 402 2998 Argi,
432 2915 594 2978 Diomedis
626 2917 763 2996 regnum)
820 2915 913 2984 Hom.
946 2913 982 2978 ll.
1013 2915 1052 2978 ll·
1075 2915 1146 2998 559.
1175 2915 1305 2998 Agame·
1363 2959 1364 2973 .

220 3017 343 3076 annonis
365 3035 493 3100 regnum
515 3017 673 3098 Mycenae.
708 3013 786 3077 ibid.
809 3013 881 3098 569.
926 3015 1023 3099 Argoa
1052 3025 1084 3077 et
1104 3017 1248 3100 Mycenae
1267 3013 1306 3076 ob
1362 3066 1363 3081 .

220 3116 406 3178 vicinitatem
427 3101 535 3196 tragici
555 3121 666 3195 poetae
687 3113 904 3176 confuderunt.
926 3113 1028 3182 strab.
1048 3114 1137 3180 Vlll.
1158 3135 1188 3198 p.
1206 3114 1275 3178 aba.
1361 3159 1362 3187 .

303 3213 392 3274 Xlll.
413 3211 575 3274 Antilaeia
599 3224 628 3272 et
651 3211 867 3293 Thrasymede)
889 3213 981 3276 Haud
1002 3215 1201 3278 nominantur
1216 3237 1244 3276 c.
1261 3235 1306 3298 ¹7·
1360 3249 1361 3294 p

219 3311 422 3396 Thrasyrnedi
434 3309 644 3396 Hyginuefah.
657 3333 710 3395 97.
725 3313 837 3375 tribuit
860 3313 1034 3396 quindecim
1043 3335 1146 3378 naum.
1171 3315 1305 3396 Tamy-
1359 3331 1360 3403 l

220 3414 341 3476 medem
362 3413 489 3474 Troiam
513 3410 632 3472 venisse
654 3421 744 3496 negat
758 3413 962 3476 Philostratus
974 3413 1099 3476 lleroic.
1110 3417 1165 3478 lll.
1187 3421 1303 3498 poppe
1358 3431 1359 3512 p

219 3515 273 3598 qui
295 3511 410 3574 ibidem
430 3521 546 3588 narrat,
558 3509 756 3574 Antilochum
777 3514 861 3574 circa
882 3513 983 3576 media
1003 3513 1126 3576 demum
1138 3511 1213 3576 belli
1232 3523 1305 3574 tem·
1357 3525 1358 3530 ’

218 3633 297 3697 pora
318 3612 446 3674 Troiam
467 3610 604 3690 veniere,
637 3611 729 3694 quia,
750 3633 821 3674 cum
842 3614 951 3674 Graeci
972 3612 1086 3676 Aulide
1106 3623 1303 3697 cogerentur,

219 3735 283 3778 noo
303 3733 339 3776 ea
359 3711 452 3774 fuerit
474 3721 592 3790 aetate,
619 3733 699 3795 quae
718 3711 835 3774 bellicis
854 3713 947 3776 rebus
966 3734 1022 3796 par
1042 3713 1186 3776 habetur.

300 3813 388 3880 XlV.
411 3823 537 3898 propter
556 3811 795 3874 cordunctiuncm
811 3813 980 3891 amicitiae)
1002 3811 1071 3876 Lib.
1087 3815 1125 3879 ll.
1137 3813 1191 3892 54.
1200 3811 1303 3876 Petru-

217 3912 504 3998 clauc-obsequiis
521 3910 673 3973 amicitiae
683 3929 800 3976 caum.
821 3909 973 3974 Achillem
983 3921 1014 3974 et
1024 3911 1204 3976 Patroclum
1219 3913 1303 3974 eliam

217 4015 418 4078 consobrinos
438 4011 554 4088 fuisse,
578 4009 709 4071 ostendit
728 4011 868 4074 Daoeria.
887 4043 928 4060 -·
951 4010 1005 4074 Ad
1025 4023 1133 4082 totum·
1145 4011 1247 4074 locum
1266 4008 1300 4076 ci

215 4113 336 4176 Auctor
360 4109 425 4174 ταῖν
449 4112 506 4190 Τρ.
530 4111 563 4170 iu
585 4109 663 4174 Bibl.
686 4109 810 4176 Uffenb.
831 4113 874 4179 X.
898 4109 1010 4194 peut.
1033 4099 1133 4182 Οὗτος
1153 4107 1302 4192 (Achille)

215 4207 398 4292 στρατεύων
417 4203 473 4272 tut
489 4201 546 4290 τὴν
574 4207 692 4290 Τροίαν
712 4205 842 4291 ἐπήγετο
859 4203 917 4272 τὸν
936 4205 1137 4290 παιδαγωγὸν
1157 4211 1300 4284 (fluitem

213 4302 348 4392 rppulit
368 4296 448 4370 iura
468 4301 526 4370 eui
546 4303 723 4388 edau'ruor,
745 4303 814 4374 ota
832 4305 889 4373 cuii
902 4299 1114 4393 Ἀμύντορος,
1134 4306 1192 4374 eei
1209 4329 1300 4392 crpo-
