2808 4686
228 379 299 451 366
600 397 816 486 acuminum
841 403 905 452 nin.
925 381 966 452 'u

227 597 329 649 temen
357 589 407 652 bic
437 588 582 674 loquendi
614 609 680 651 mos
702 589 955 654 familiarissimus
975 602 1041 653 est:
1065 609 1155 674 quem
1178 598 1318 677 sequitur

226 691 387 770 Septimius
405 692 496 752 etiam
521 688 575 752 lib.
596 689 654 752 111.
671 689 718 770 ri.
738 694 803 752 nice
824 692 988 754 imbellium
1004 693 1184 776 proculcati
1193 695 1315 778 disper-

224 803 302 857 eunt.
327 790 381 853 ill.
411 811 438 850 1.
457 789 564 852 iaculis
580 791 737 852 hastarum
756 795 821 852 occe
840 792 1026 872 fabricatis.

307 909 389 950 more
415 889 500 968 belli)
540 887 613 957 salt.
634 891 699 974 lug.
720 913 773 975 97.
800 912 885 953 more
901 891 1025 976 proelii.
1070 889 1159 954 Flor.
1180 892 1236 954 lv.
1269 913 1314 960 ιι.

224 1009 257 1072 9.
280 1009 372 1051 arma
393 991 545 1052 uictorum
564 1011 624 1052 non
644 1013 686 1053 ex
705 1012 785 1052 mone
806 991 878 1052 belli
909 1005 1057 1054 cremata.

308 1089 352 1150 acl
369 1089 612 1150 coacervandum
633 1127 672 1138 -
686 1091 868 1172 materiam)
910 1101 945 1154 ut
972 1089 1024 1151 lib.
1048 1093 1085 1155 11.
1111 1089 1157 1153 18.
1178 1091 1229 1154 aoi
1241 1115 1313 1154 eon-

223 1187 391 1250 ciliondum
411 1223 455 1236 -
477 1189 611 1250 animos.
627 1189 668 1255 lt.
679 1192 730 1273 39.
754 1189 931 1250 inuadendi
949 1191 1201 1257 inimicissimum.
1217 1213 1313 1273 supra

224 1308 250 1352 c.
272 1307 300 1349 n.
324 1287 482 1365 inserendo
505 1287 631 1353 beilum.
674 1287 772 1351 Multo
794 1288 852 1351 nlin
878 1290 973 1352 hehet
994 1289 1138 1352 Oudend.
1162 1289 1202 1352 nd
1223 1291 1308 1354 Ceu.

223 1387 257 1456 Β.
283 1387 321 1453 G.
343 1391 396 1452 iii.
426 1387 473 1469 ι4.

305 1487 345 1551 06
362 1490 524 1572 pretiosam
544 1487 662 1564 vestem)
708 1487 756 1548 06
775 1489 900 1571 ponitur
920 1509 996 1570 pro:
1019 1487 1070 1550 cd.
1094 1489 1164 1551 Lib.
1188 1490 1244 1551 lii.
1261 1512 1309 1556 rt.

222 1602 302 1648 veste
326 1591 503 1672 contegitur,
528 1591 667 1649 umerimc
682 1587 721 1651 ob
742 1589 874 1670 tegenda
894 1591 1037 1651 vrtlnera.
1054 1575 1167 1656 Viso.
1192 1589 1229 1648 ot
1247 1593 1310 1649 eri·

217 1687 356 1774 pientia,
396 1712 471 1777 quae
491 1711 586 1752 secum
605 1691 764 1752 habuerat.
808 1689 882 1750 Sall.
905 1690 972 1772 lug.
995 1693 1048 1774 89.
1073 1692 1245 1774 Irtgnrtliam
1269 1693 1308 1753 ol

221 1809 286 1850 suos
306 1789 443 1851 amandos
463 1791 497 1850 in
518 1809 622 1850 moniis
647 1801 813 1856 vencnum.
846 1791 945 1856 Tacit.
971 1791 1307 1872 Ann.1.79.Actum

222 1885 331 1950 demde
352 1889 386 1948 in
408 1901 518 1950 senatu
537 1921 577 1934 -
596 1911 638 1948 an
654 1887 693 1950 ob
725 1889 928 1950 moderandas
950 1891 1066 1950 Tiberis
1093 1889 1308 1950 exundantium

221 2000 407 2048 verterentur
412 1985 553 2072 flumina
566 1999 594 2046 et
617 1987 708 2053 meres.
730 1988 782 2048 ubi
804 1987 851 2049 ad
870 1989 992 2049 coniicit
1005 1989 1126 2050 Ernest.
1150 1987 1210 2049 Dat
1230 2009 1306 2048 non-

220 2086 306 2149 nulle
328 2087 421 2148 etiarn
446 2084 615 2169 Wopkens.
640 2108 672 2168 p.
697 2089 748 2169 93.
804 2123 809 2136 ·

305 2206 419 2248 cessere
439 2187 581 2260 servitia)
624 2187 697 2268 Cap.
726 2183 772 2248 16.
792 2207 851 2270 qino
881 2189 1037 2248 servitium
1057 2203 1149 2249 morte
1175 2189 1307 2249 solvent.

224 2286 260 2349 ln
285 2284 332 2347 his
354 2287 511 2347 servitium
532 2307 587 2368 pro
608 2285 767 2347 servitute.
812 2287 929 2346 &scere
951 2290 969 2348 i.
992 2309 1017 2349 e.
1043 2307 1184 2348 evenere.

309 2399 342 2448 ut
359 2405 503 2471 quemque
523 2405 592 2447 sors
611 2386 786 2466 contigerat)
810 2385 889 2452 Veii.
911 2385 979 2448 Pet.
995 2387 1019 2451 1.
1046 2409 1071 2448 ι.
1084 2385 1114 2467 4.
1135 2386 1206 2449 Sors
1229 2385 1304 2465 Tyr·

224 2487 346 2548 rhenum
367 2485 502 2568 contigit.
522 2485 575 2546 uhi
596 2484 733 2566 Septimii
755 2486 891 2545 meminit
911 2483 1075 2546 Ruhnken.

303 2585 389 2652 XIV.
431 2585 660 2669 eeposmlante)
704 2583 908 2666 Expostulore
939 2586 1058 2666 proprie
1079 2593 1124 2646 est
1145 2583 1302 2647 vehemen-

219 2698 265 2750 ter
285 2685 448 2770 postulare.
471 2707 500 2748 v.
521 2684 685 2746 Ruhnken.
711 2684 751 2745 ad
773 2685 900 2745 Terent.
927 2685 1020 2745 Andr.
1042 2685 1099 2746 IV.
1112 2705 1138 2751 t.
1158 2689 1204 2751 15.
1225 2686 1302 2744 Dici.

220 2809 250 2870 p.
267 2785 317 2855 66.
343 2790 510 2868 Artopceus
542 2787 573 2846 in
596 2785 661 2850 iud.
697 2784 746 2844 bic
766 2784 872 2866 occipit
894 2805 951 2866 pro
973 2784 1119 2866 simplicis
1140 2785 1298 2868 postulare.

218 2888 321 2953 Recte.
343 2887 501 2970 Hegesipp.¹
522 2887 547 2947 1.
574 2885 625 2945 32.
652 2883 749 2966 affuit
770 2883 907 2944 Herodes
927 2885 1021 2945 serius
1040 2885 1186 2968 quidem,
1211 2903 1299 2968 quam

218 2989 375 3048 necessitas
389 2983 605 3068 expostulabat.
629 3006 683 3064 pro
706 2983 890 3064 postulabat.

299 3108 353 3146 suo
374 3117 413 3130 -
434 3105 525 3166 opera
544 3084 774 3156 insinuantium)
809 3085 896 3144 Curt.
920 3083 975 3143 IX.
996 3103 1025 3165 9.
1048 3082 1121 3144 Non
1142 3085 1226 3144 alias
1244 3097 1299 3142 tom

218 3186 324 3244 alacer
342 3183 460 3244 clamor
481 3181 523 3242 ab
540 3181 677 3240 exercitu
696 3194 740 3239 est
760 3181 907 3258 redditus,
929 3181 1089 3242 iubentium
1103 3182 1227 3244 duceret
1244 3180 1299 3240 dis

217 3283 363 3344 secundis.
416 3281 518 3362 Larga
544 3299 636 3339 marin
668 3279 802 3360 exempla
836 3281 926 3341 huius
946 3281 1183 3342 constructionis
1206 3277 1300 3364 posuit

220 3384 324 3444 Heins.
348 3379 387 3442 ad
408 3377 505 3441 Ovid.
529 3379 602 3438 Her.
627 3377 666 3442 V.
689 3376 741 3456 45.

306 3481 416 3544 Ulixes
446 3499 516 3541 cum
536 3477 694 3538 Aiace-
716 3480 891 3540 contendere
920 3482 1001 3540 inter
1027 3484 1068 3558 se)
1113 3479 1192 3540 Qum
1211 3477 1299 3538 Aiace

217 3604 292 3668 pros
315 3593 347 3646 et
377 3582 469 3658 Aiax3
502 3577 634 3661 alioquin
656 3577 749 3641 verbe
773 3581 904 3640 intense
924 3577 1060 3640 sordent.
1089 3577 1184 3638 Amet
1207 3577 1299 3658 septi·

216 3689 295 3748 mius
324 3681 448 3745 voculas
475 3679 568 3759 istas,
590 3700 700 3760 eaeque
736 3677 891 3740 abundare
910 3679 1054 3740 videntur
1073 3677 1129 3738 lib.
1152 3681 1178 3738 Ι.
1200 3699 1227 3736 r.
1244 3679 1301 3736 sin-

135 3833 139 3844 .
215 3787 284 3868 guli
303 3817 340 3832 -
365 3787 443 3844 inter
460 3799 493 3840 se
515 3779 634 3864 meisque
655 3777 819 3859 rnngnfim
839 3779 996 3843 transiere.
1040 3777 1081 3840 il.
1104 3773 1154 3855 46.
1177 3773 1301 3857 corfferti

215 3889 295 3948 inter
310 3907 343 3944 se
368 3883 439 3964 (pro
458 3877 529 3962 iquo
561 3877 651 3960 paulo
677 3877 752 3936 inira
774 3876 902 3954 conserti
922 3878 987 3937 sine
1007 3879 1153 3954 intense).
1198 3875 1255 3934 lii.
1274 3870 1300 3950 4.

132 4017 135 4026 ·
214 3983 380 4066 conglobati
394 3984 521 4041 intense.
543 3979 597 4044 IV.
606 3977 637 4038 6.
658 3977 791 4060 perculsi
810 3977 888 4036 iuter
907 3997 951 4035 sc.
977 3975 1031 4035 v1.
1052 3995 1076 4036 1.
1100 3979 1182 4036 inter
1195 3995 1226 4033 se
1245 3975 1299 4032 im·

210 4085 334 4168 plicatis
357 4082 497 4161 remigiis.
547 4076 643 4138 Simili
675 4087 756 4137 sorte
793 4074 913 4136 Sallust.
943 4075 1024 4136 liin.
1056 4075 1081 4134 1.
1104 4073 1134 4139 8.
1157 4090 1300 4135 conserere

214 4183 293 4242 inter
312 4203 343 4240 se
366 4197 484 4244 manus.
533 4177 644 4237 Noster
666 4195 779 4256 supra:
813 4178 914 4256 ingens
938 4185 1092 4234 certamen
1107 4173 1189 4233 inter
1203 4193 1233 4233 se
1245 4169 1298 4231 du-

214 4279 297 4341 cibus
326 4290 480 4338 exortum.
509 4295 588 4358 quae
615 4273 759 4338 scribenti
796 4273 1044 4340 obversabantur
1073 4271 1229 4353 Septimio¹
1246 4269 1297 4328 iste
