2860 4688
20 3543 22 3606 J
124 3553 309 3624 Oudendorp.
329 3571 345 3606 ι

452 329 546 382 cetu
572 329 717 382 tectim
743 331 810 380 tte.
836 313 876 382 it.
1154 313 1203 394 97

119 535 427 628 praesenserant,
461 543 542 594 rem
565 521 772 628 comperit,
804 545 968 626 propere
996 521 1111 602 duces
1132 527 1210 604 cir.

125 661 377 714 concursant
409 662 546 738 magne
576 663 667 712 voce
697 655 829 714 monet
862 657 979 740 euque
1011 637 1211 736 bortatur,

124 753 187 829 uti
221 753 339 828 armis
362 752 524 855 arreptis
549 769 752 828 tuerentur
776 771 867 828 sese:
893 751 983 828 dein
1008 759 1212 836 consilium

126 869 429 972 incoeptumque
444 865 604 942 Achillis
621 866 780 969 singulis
797 869 937 972 aperit:
964 895 1043 970 quo
1060 872 1213 972 cognito

127 981 278 1058 αΙειιιιοι·
300 981 435 1085 ingens
459 982 603 1071 oritur,
627 982 897 1059 festinantibus
922 981 971 1058 cd
994 1011 1099 1060 arma
1118 1011 1213 1064 cun·

127 1097 199 1174 ctis
233 1123 278 1172 ae
319 1121 489 1174 seorsum
520 1097 593 1172 sibi
627 1097 787 1200 singulis
809 1099 1107 1176 consulentibus.
1153 1105 1214 1178 lta

127 1213 307 1303 Achilles,
323 1239 523 1320 praeverso
543 1213 591 1290 de
608 1239 646 1290 se
667 1215 822 1305 nuncio,
841 1214 910 1289 ubi
935 1241 1064 1294 omnes
1088 1215 1132 1291 in
1155 1243 1216 1292 sr-
1281 1277 1289 1294 .

127 1331 201 1408 anis
228 1347 337 1420 sttnt,
361 1353 487 1433 neque
510 1347 646 1406 conata
670 1327 876 1434 procedere
899 1347 1069 1432 queunt,
1090 1333 1215 1408 inten-

129 1465 210 1524 tato
234 1447 455 1550 negotioad
472 1446 636 1524 tentoria
655 1444 879 1550 regreditur.
921 1451 976 1522 Ac
996 1445 1215 1524 mordaces

130 1563 272 1650 nocui,
307 1563 382 1640 rati
419 1563 626 1668 repentino
666 1587 825 1638 suorum
864 1564 1030 1639 clamore
1070 1563 1215 1644 moveri

128 1677 302 1770 ilienses,
337 1697 378 1755 et
400 1679 452 1756 ob
477 1677 519 1754 id
546 1679 633 1756 novi
657 1675 756 1782 qnid
781 1677 924 1781 negotii
950 1679 1215 1786 incoepturos,

132 1793 329 1900 augendus
367 1793 560 1872 custodiae
595 1821 706 1872 causa
739 1795 904 1872 mittunt
938 1793 1035 1872 duos
1064 1799 1215 1892 Aiaces,

130 1910 357 1988 Diomedem
391 1928 508 2014 atque
545 1911 712 2005 Ulixem3
755 1911 877 2015 hique
908 1910 1072 1990 interce
1097 1915 1215 2017 regio·

20 2035 21 2064 ¹
131 2055 232 2120 nem,
258 2053 336 2132 qua
357 2026 484 2106 aditus
501 2028 673 2104 hostibus
692 2047 794 2118 erat,
813 2028 1056 2134 dispertiunt.
1105 2031 1218 2126 Quae

132 2153 192 2205 res
222 2155 304 2206 non
335 2127 479 2205 frustra
514 2153 576 2204 eos
599 2128 747 2204 babuit.
796 2130 969 2232 Namque
993 2127 1099 2234 apud
1120 2134 1216 2208 Tro·

134 2243 212 2320 iam
236 2245 387 2334 Hector,
414 2269 565 2322 cauum
590 2245 779 2320 tumultus
797 2229 931 2320 eorum
946 2245 1110 2350 cupidus
1131 2272 1216 2351 per·

133 2358 309 2444 sciscere,
340 2361 467 2438 filium
496 2358 679 2436 Eumedis
710 2360 916 2452 Dolonem,
950 2363 1082 2438 multis
1108 2390 1215 2470 pree

132 2474 224 2552 miis
252 2477 520 2581 promissisque
553 2477 756 2566 iniectum,
797 2473 849 2551 ad
883 2495 1116 2580 postremum
1153 2483 1214 2557 uti

130 2591 372 2696 exploratum
411 2619 472 2671 res
508 2593 745 2672 Graecorum
777 2589 1037 2693 egrederetur,
1074 2593 1215 2670 mittit:

132 2707 241 2812 isque
265 2737 347 2790 non
372 2713 484 2816 longe
507 2737 530 2794 a
554 2708 730 2798 navibus,
764 2705 897 2784 avidus
921 2708 1053 2810 ignara
1077 2735 1215 2812 cogno·

129 2823 277 2918 medi,
306 2825 403 2902 dum
436 2827 547 2933 eupit
581 2823 743 2928 suscepti
779 2821 921 2924 negotii
959 2821 1073 2902 tidcn
1111 2849 1213 2906 oom-
1294 2897 1296 2903 .

201 3135 323 3218 iliram)
357 3137 435 3189 bern.
454 3135 570 3192 Ulixen..
589 3153 611 3190 v.
630 3135 664 3190 sd
683 3137 728 3190 vt,
747 3139 772 3190 6.
801 3135 865 3188 Mox
881 3132 945 3219 iibri
964 3131 1211 3199 adtendentibus,
1275 3157 1280 3169 ¹

126 3215 313 3328 :paltnpfierso
340 3205 445 3260 ordine.
480 3209 557 3261 scm.
576 3222 630 3261 om.
647 3221 717 3262 erat.
736 3207 806 3261 Cret.
829 3205 877 3261 Ed.
892 3203 1069 3277 dispartiunt.
1088 3209 1168 3260 Rene.
1185 3225 1211 3264 s.

195 3341 318 3414 cantius
332 3345 512 3418 perscisecrc)
547 3341 955 3417 superexcrescentes.
974 3361 1000 3416 p.
1019 3343 1096 3399 XLV.
1132 3343 1207 3400 inira

127 3429 180 3484 pro
197 3417 285 3468 niuis
302 3416 376 3469 cist.
395 3419 502 3470 asciuit.

199 3487 307 3557 ...m
323 3483 626 3608 nutte-
766 3501 794 3608 t
809 3483 1034 3608 tutte
1047 3483 1125 3605 tu

263 3623 320 3680 nett-
357 3573 494 3680 Mcdderns
508 3557 844 3696 adnotaiidiiiiiid'cdgcns
854 3627 935 3677 vcrbs
947 3592 1049 3696 ignara
1067 3560 1210 3691 ntdrddddi,

118 3695 241 3748 scribit:
269 3697 328 3757 „lta
346 3695 420 3748 libri.
441 3699 549 3748 secter
584 3697 701 3750 Noscere
726 3713 775 3767 pro
803 3711 961 3763 cognoscere
982 3695 1067 3748 habos
1093 3695 1142 3747 lib.
1160 3698 1208 3750 ttt.

119 3783 164 3818 an.
193 3781 278 3836 reges
302 3765 382 3820 avidi
407 3783 520 3822 noscere
543 3784 650 3821 causer.
676 3767 708 3819 V.
726 3785 749 3835 7.
774 3769 817 3821 tui
835 3765 920 3838 fidem
939 3769 1038 3820 nuncii
1054 3779 1207 3820 noscerent.

20 3859 28 3903 «Ι
118 3834 216 3887 Tacit.
236 3837 306 3888 Ann.
323 3835 367 3887 IV.
386 3839 429 3892 33.
447 3837 516 3889 Hist.
534 3838 566 3888 tt.
585 3840 625 3907 37.
651 3843 679 3890 et
695 3839 758 3889 aliis
776 3839 891 3890 aliorum
910 3837 985 3888 locis.
1020 3834 1074 3888 Sed
1093 3836 1209 3888 Meretri

116 3905 208 3958 rerba
228 3915 353 3974 spectare
370 3909 492 3977 suspicor
507 3921 601 3960 rocem
619 3909 738 3978 ignara,
759 3911 836 3960 cuius
857 3906 918 3957 loco
935 3915 1013 3958 antes
1032 3907 1129 3976 t'gnotn
1148 3905 1210 3960 edi·

24 4018 30 4035 .
115 3987 181 4030 tun
201 3977 358 4030 inveneritt
376 3976 510 4032 noscendi
526 3983 617 4030 nutem
635 3975 677 4029 vsi
694 3977 780 4045 ipsius
798 3977 912 4028 Mcrcori
931 3979 976 4029 vel
989 3975 1148 4046 typographi
1167 3977 1214 4028 in-

113 4049 199 4098 curia
220 4045 398 4102 adnuntient
414 4049 562 4118 praefixum
584 4049 715 4114 arbitror3
734 4053 761 4100 in
780 4055 855 4101 textu
876 4047 947 4098 cnim
961 4053 1114 4114 expressunt
1131 4045 1212 4100 viden

25 4128 34 4171 s
112 4115 322 4186 meandi.
359 4119 491 4192 Alioquin
521 4120 609 4189 probo
634 4119 774 4175 noscendi.
801 4149 836 4161 -
861 4115 1007 4188 inrupto
1032 4115 1142 4174 devenit
1165 4117 1212 4172 Ed.

29 4222 34 4237 .
112 4189 211 4242 Ptine.
232 4185 358 4244 docuit.

158 4309 309 4351 ωιτη.
377 4359 384 4384 Ι
425 4321 428 4331 .
922 4355 927 4365 ,
964 4297 983 4360 7
