2860 4688
226 342 296 416 140
589 359 729 412 utores
752 313 931 410 corrasus

223 571 367 641 mauu.
390 555 572 662 parvulos
596 547 809 630 admodum
834 549 952 642 filios,
977 575 1071 657 prae
1095 579 1135 632 se
1158 553 1315 652 babens.

225 675 305 778 regi
327 669 600 748 adiumentum
627 663 862 774 deprecandi
885 664 1101 764 addiderat,
1125 672 1196 776 qui
1220 701 1315 750 mos-

222 790 378 868 roribus
409 786 595 892 senioque
625 782 846 890 decrepitus
881 782 985 860 filiae
1007 784 1222 890 Polyxenus
1245 789 1316 866 bu·

222 905 339 982 meris
370 903 625 978 innitebatur.
685 899 957 1004 Sequebantur
991 901 1168 978 vehicula
1203 905 1315 1008 plena

222 1018 311 1098 auri
336 1036 455 1124 atque
478 1019 629 1122 argenti
653 1017 920 1124 pretiosaeque
944 1016 1072 1094 vestis:
1110 1045 1234 1123 quum
1256 1046 1316 1096 su-

225 1162 298 1244 per
323 1161 483 1211 murum
507 1132 767 1241 despectantes
783 1130 944 1208 Troiani
968 1133 1198 1211 comitatum
1223 1137 1316 1238 regis

229 1252 352 1330 oculis
376 1270 714 1358 prosequerentur.
772 1249 862 1348 Quo
897 1249 977 1326 viso
1010 1269 1169 1355 repente
1204 1251 1317 1330 silen-

225 1369 328 1446 tium
353 1392 400 1443 ex
422 1366 681 1444 admiratione
705 1366 850 1444 oritur:
877 1391 923 1441 sc
948 1392 1038 1443 mox
1061 1393 1183 1470 reges,
1214 1365 1315 1444 avidi

224 1509 381 1562 noscere
404 1509 557 1560 causam
583 1481 772 1560 adventus
795 1479 888 1571 eius,
915 1477 1133 1587 procedunt
1156 1477 1317 1560 obviam.
1400 1563 1401 1578 χ

223 1601 402 1678 Priamus
432 1599 505 1675 ubi
535 1596 586 1676 ad
619 1625 658 1676 se
692 1594 800 1676 tendi
830 1594 958 1689 videt,
989 1597 1168 1705 protinus
1203 1599 1246 1676 in
1276 1625 1318 1678 os

224 1717 317 1807 ruit,
353 1717 554 1822 pulverem
588 1715 819 1820 reliquaque
846 1713 956 1791 humi
982 1734 1236 1820 purgamenta
1259 1743 1318 1794 ca-

224 1831 300 1938 piti
331 1858 549 1938 aspergens:
582 1830 674 1907 dein
702 1849 806 1924 orat,
833 1831 914 1919 uti,
946 1831 1114 1908 miserati
1146 1831 1319 1908 fortunas

223 1971 320 2038 suas,
341 1967 557 2055 precatores
575 1973 704 2026 secum
723 1947 774 2024 ad
796 1946 987 2025 Achillem
1009 1949 1179 2026 veniant.
1228 1951 1320 2028 Eius

205 2055 388 2162 vaetatem
401 2064 678 2168 fortunamque
694 2061 916 2141 recordatus
925 2065 1062 2164 Nestor
1082 2062 1203 2141 dolet:
1235 2091 1325 2142 con·

228 2201 289 2260 tra
319 2181 448 2258 Ulixes
479 2180 693 2258 maledictis
728 2180 902 2284 insequi,
934 2198 975 2256 ct
1013 2205 1324 2268 commemorare,

228 2323 331 2402 quae
356 2295 462 2404 apud
486 2297 644 2375 Troiam
668 2296 712 2373 in
736 2297 902 2373 concilio
926 2313 1017 2375 ants
1044 2315 1217 2374 sumtum
1241 2297 1327 2374 bel-

229 2416 315 2493 lum
344 2413 424 2520 ipse
451 2412 653 2491 adversum
682 2413 822 2517 legatos
844 2411 1006 2490 dixerat·
1047 2415 1102 2489 Ea
1121 2427 1344 2518 postquam

228 2530 373 2610 Achilli
406 2530 592 2607 nunciata
626 2548 738 2621 sunt,
770 2555 843 2636 per
877 2525 1201 2606 Automedontem
1234 2553 1331 2604 eum

231 2648 373 2726 accersi
407 2647 538 2740 iubet,
580 2647 661 2755 ipse
695 2647 866 2728 retinens
899 2645 1045 2751 gremio
1068 2671 1212 2723 urnam
1236 2669 1332 2722 cum

228 2764 398 2844 Patrocli
423 2763 579 2844 ossibus.

226 2983 476 3002 m

301 3087 482 3174 reliquaque)
518 3103 586 3174 Cap.
612 3121 654 3176 ¹9·
679 3104 803 3160 cesrttm
827 3105 991 3182 reliquoque
1012 3123 1143 3161 manuum
1162 3103 1332 3160 certamine.

226 3170 277 3227 Ed.
296 3171 382 3226 Prior.
402 3175 513 3229 etObr.
535 3189 620 3248 atque
639 3176 706 3228 clia.
746 3176 849 3230 Fuitne
866 3195 992 3252 quaeque
1025 3177 1108 3232 aliu?
1142 3175 1232 3228 Tacit.
1252 3175 1332 3228 ilist-

227 3244 250 3302 1.
266 3242 312 3300 2³.
329 3261 456 3316 quaeque
473 3246 536 3299 alia
553 3245 730 3300 turbamenta
748 3247 831 3316 magt.
850 3275 882 3290 -
910 3249 1061 3319 Antiquam
1085 3252 1200 3302 formam
1227 3262 1336 3316 aspar-
1367 3245 1373 3252 “

226 3330 295 3384 gem
317 3316 408 3382 recepi
426 3330 461 3366 cx
479 3317 584 3386 optimo
606 3317 632 3367 S.
651 3317 723 3371 Gall.
741 3333 792 3370 sec.
814 3317 867 3383 IX,
892 3335 954 3372 cum
978 3327 1061 3373 antea
1085 3318 1213 3374 ederetur
1228 3332 1336 3387 asper-

225 3401 303 3456 gens.
339 3383 381 3442 Cf.
399 3385 474 3440 Cort.
492 3386 528 3438 ad
546 3386 648 3439 tumn.
666 3387 687 3440 1.
699 3390 760 3444 385.

246 3523 252 3537 Ι
296 3452 385 3538 dolet)
420 3453 498 3509 Libri
514 3455 609 3522 docet;
634 3465 664 3510 et
684 3475 749 3512 mox
767 3459 846 3511 bern.
867 3464 896 3511 et
920 3457 947 3510 S.
976 3456 1048 3510 Gall.
1076 3475 1142 3528 opp.
1166 3453 1334 3516 maledictis

225 3537 508 3650 'c'lilmi'iffil‘
532 3536 694 3652 ttt‘tt‘s.
707 3531 745 3650 ¹5¹.
764 3525 1074 3652 :istst'tti'bs't'
1097 3525 1337 3660 'iiliiffss

226 3665 294 3737 Obr.
311 3632 353 3720 iad
370 3668 492 3722 liciam.
509 3617 533 3722 il.
553 3669 648 3721 Glots.
668 3667 705 3720 ad
722 3617 789 3724 l-P5.
822 3671 905 3724 Porro
923 3671 950 3724 S.
970 3669 1044 3722 Gall.
1053 3635 1144 3740 ’dpp.',
1166 3667 1219 3726 Ed.
1240 3667 1337 3720 More.

227 3740 257 3788 ct
271 3735 338 3792 Obr.
358 3738 391 3790 in
408 3741 536 3797 consilio.
552 3757 577 3792 v.
596 3737 632 3792 ud
651 3741 670 3790 Ι,
689 3741 715 3791 6.

294 3813 417 3880 psrAut.
431 3827 492 3864 eum
504 3812 611 3865 occani
623 3809 710 3882 iubet)
729 3811 804 3864 ilaec
817 3816 859 3864 cst
872 3809 971 3879 optimi
982 3810 1011 3862 S.
1024 3809 1097 3868 Gall.
1107 3825 1159 3863 scr.
1171 3807 1215 3866 [Χ.
1228 3807 1340 3860 lectio.

225 3877 291 3930 Eam
301 3879 462 3950 comprobat
476 3889 628 3934 ceterorum
639 3880 773 3932 librorum
781 3882 915 3950 scripture
927 3899 933 3931 :
952 3881 1055 3933 etenim
1067 3883 1152 3938 Bern.
1167 3888 1195 3933 et
1211 3879 1241 3936 S.
1254 3877 1341 3930 Gall.

224 3965 290 4072 ἓψ-
308 3952 517 4075 ιιρηῖΐοοενείἇ
536 3951 744 4076 opissodiqbet3
766 3961 798 4004 ut
818 3948 1078 4074 babuqspcpvi'detur
1095 3951 1178 4004 etiam
1205 3959 1340 4034 uteqquc

226 4037 349 4159 ..titt
366 4038 559 4146 bestiti.
574 4038 631 4146 'ii
652 4030 949 4164 sistitis...
968 4037 1114 4145 stitit?
1128 4037 1343 4159 ‘titt‘tqtt

226 4160 290 4214 dem
308 4163 414 4231 ignoro,
432 4179 504 4233 quae
522 4163 610 4218 secuti
630 4173 790 4232 argumenta
807 4164 859 4218 viri
878 4163 952 4216 docti
962 4163 1076 4216 altcram
1098 4163 1212 4214 sormam
1232 4179 1345 4214 crees-

225 4247 286 4287 πη
303 4235 348 4292 vsi
367 4233 471 4304 ubique
489 4236 612 4308 antiquis
631 4233 812 4306 scriptoribus
831 4235 874 4288 tcl
892 4251 927 4288 cx
958 4235 1033 4288 tiss.
1052 4235 1096 4288 vel
1113 4233 1226 4304 proptio
1247 4232 1345 4303 iugc·
