2726 4686
437 408 534 482 ann
559 429 706 484 moratu
734 433 800 484 ete.
817 431 852 480 ·s.
1148 415 1194 485 19

87 620 233 712 ferens,
269 617 418 696 dillerri
455 619 630 724 querelas
662 619 713 698 ad
749 617 958 702 adrentum
986 619 1193 700 Alexandri

89 737 211 815 iubet.
262 734 431 813 Videbat
456 738 579 822 enim,
605 755 652 815 ut
675 738 838 840 singuli,
867 738 1007 843 quiin
1032 765 1077 814 eo
1101 765 1194 818 con·

86 851 178 925 cilio
205 848 385 936 aderant,
409 849 623 928 Palamedis
647 853 820 928 oratione
845 870 1111 944 moverentur3
1145 869 1193 930 ut

89 961 217 1052 taciti}
255 963 370 1040 vultu
398 983 526 1042 tamen
550 963 760 1042 admissum
784 965 934 1043 facinus
959 965 1193 1044 condemna..

89 1098 199 1174 καις
234 1106 362 1184 quum
391 1080 542 1184 singula
568 1081 668 1157 miro
693 1107 831 1186 genere
857 1081 1042 1158 orationis
1076 1106 1191 1187 expo-

91 1213 295 1284 nerentur,
330 1214 448 1299 atque
485 1195 527 1272 in
560 1223 735 1272 sermone
760 1197 900 1274 Graeci
928 1197 1025 1302 regis
1055 1196 1192 1275 inesset

89 1309 282 1414 quaedam
313 1310 503 1416 permixta
528 1313 763 1390 miserationi
787 1313 853 1390 vis.
902 1317 1031 1418 Atque
1050 1315 1118 1389 ¹ita
1143 1339 1191 1390 eo

91 1427 153 1501 die
186 1426 399 1503 concilium
433 1425 658 1504 dimittitur.
720 1426 793 1506 Sed
826 1428 967 1532 legatos
1000 1434 1189 1522 Antenor,

92 1543 148 1616 sir
183 1541 383 1649 hospitalis
412 1561 469 1637 et„
484 1563 636 1649 praeter
666 1562 808 1622 eeteros
842 1543 935 1621 boni
962 1541 1192 1650 honestique

89 1675 263 1750 sectator,
288 1656 449 1735 domum
473 1657 523 1734 ad
547 1683 585 1734 se
608 1658 776 1736 volentes
800 1657 968 1736 deducit.

163 1778 248 1852 Vll.
262 1775 446 1858 ,Interim
465 1775 596 1880 paucis
610 1791 696 1880 post
711 1773 848 1852 diebus
865 1770 1082 1854 Alexander
1098 1797 1190 1850 cum

91 1885 320 1996 supiadictis
351 1889 557 1966 comitibus
587 1889 712 1979 venit,
746 1891 934 1966 Helenam
956 1915 1087 1965 seeum
1118 1882 1187 1961 ba-

91 2003 190 2082 bens
252 2007 374 2082 Cuius
406 2003 577 2082 adventu
611 2023 688 2080 tota
723 2001 854 2082 civitas
888 2031 1014 2109 quum
1044 2001 1189 2110 partim

91 2122 308 2230 exemplum
332 2121 513 2198 facinoris
536 2138 843 2214 exsecrarentur,
868 2121 936 2199 alii
962 2117 1125 2199 iniurius
1144 2117 1189 2197 iu

154 2407 358 2548 midaii
379 2403 536 2531 Gdii'ddl.
552 2421 766 2530 asangm.
784 2492 810 2532 v.
830 2473 919 2530 Gloss.

90 2615 118 2668 ι.
135 2547 335 2670 diffidi
352 2549 421 2670 {lib
442 2543 1002 2672 itali·1ll{·.¹it‘{t¹.¹.·‘.t.‘¹tl⁰‘¹⁰
1026 2549 1058 2599 ‘²
1073 2541 1185 2614 “⁹¹¹⁰‘'

158 2657 246 2762 Atque
265 2691 309 2741 ite
326 2705 359 2742 eo
377 2687 422 2742 die
471 2635 685 2758 Oudeirdorpius
703 2691 739 2744 ud
757 2689 836 2755 Apul.
858 2659 983 2756 Apol.⁰p.
995 2687 1055 2743 521.
1070 2701 1104 2738 ex
1126 2683 1185 2737 MS.
1258 2707 1266 2714 ·

92 2753 156 2826 lesit
178 2763 268 2832 deque
295 2761 328 2812 in
351 2777 384 2814 eo
434 2760 462 2814 ὀ.
496 2757 551 2812 Sed
572 2761 671 2826 scriptu
693 2767 723 2812 ct
745 2759 820 2810 edite
845 2757 1012 2826 exemplaris
1023 2772 1101 2877 quse
1126 2755 1185 2810 sidl

91 2829 188 2890 ouis,
205 2841 238 2882 ut
256 2835 286 2882 ct
300 2829 367 2882 Cod.
389 2828 497 2882 Heinsii
515 2830 550 2883 ad
568 2831 649 2888 Osid.
668 2831 738 2887 Met.
753 2827 814 2879 llll.
834 2830 894 2884 5³5.
912 2829 953 2879 ita
971 2845 1005 2881 eo
1043 2827 1078 2880 ie·
1126 2865 1130 2876 .

157 2901 305 2956 concilium
322 2898 485 2970 dimittitur)
519 2899 737 2958 Dirinsiturret.
754 2897 850 2960 codex,
867 2913 923 2950 non
937 2895 1095 2950 dimittitur.
1133 2895 1184 2948 lii·

92 2965 129 3020 bil
147 2973 274 3022 usitatius
290 2969 431 3024 veteribus
447 2971 634 3040 scriptoribus.
654 2971 786 3026 llusrnut
805 2968 825 3027 l,
843 2967 863 3026 Ι,
897 2969 988 3022 Etiam
1003 2966 1049 3018 lid.
1068 2966 1141 3020 Cret.
1155 2975 1184 3020 et

93 3039 319 3094 obnituntur.
355 3040 411 3094 Sed
434 3047 488 3094 tres
514 3043 568 3094 mel
586 3041 674 3108 MSS„
691 3040 741 3094 litl.
760 3039 846 3093 Prtne
867 3045 895 3092 el
911 3037 995 3098 Mete.
1013 3035 1183 3104 dimittitur,

93 3111 242 3177 pssissisuo
261 3126 405 3164 comeum.
424 3111 465 3164 Gi.
485 3113 572 3168 etesi.

122 3181 178 3232 vn.
198 3181 291 3250 venit)
318 3181 386 3241 lidd.
403 3183 482 3234 Besil.
496 3191 524 3234 et
541 3183 633 3237 Decet.
646 3181 808 3238 revertitur.
823 3179 857 3234 ab
875 3179 1034 3250 interprete.
1054 3195 1079 3234 r.
1091 3178 1184 3240 Gloss,

156 3255 240 3306 cuius
257 3249 385 3307 aduentu
403 3265 464 3307 tote
481 3253 587 3307 civitas
604 3271 689 3328 quum
703 3272 730 3326 p.
746 3252 897 3325 exemplum
906 3249 936 3326 J:
952 3265 1181 3313 exsecrarentur,

95 3319 154 3388 elis]
187 3323 262 3376 llsrc
285 3323 312 3376 S.
337 3323 409 3375 Gall.
427 3338 481 3380 sec.
498 3323 541 3375 lx.
560 3325 643 3376 lectio
662 3322 739 3376 baud
760 3322 846 3377 dubie
865 3339 929 3378 reru
951 3329 1000 3374 est.
1038 3321 1106 3373 Cum
1124 3323 1183 3374 sin·

94 3393 185 3456 teletis
211 3411 343 3448 uumerus
368 3406 430 3448 tota
456 3395 562 3448 civitas
581 3403 716 3465 sequente
739 3393 825 3449 verbo
844 3403 1061 3448 exsecrarentur
1075 3391 1180 3476 plurali

95 3475 197 3546 temero
213 3465 395 3520 offensionem
414 3463 572 3531 praeberet,
601 3473 735 3518 mantum
754 3473 797 3519 est
817 3465 902 3518 cuiue
920 3460 1046 3518 adventu
1070 3481 1101 3514 sn
1121 3474 1182 3516 tote

95 3533 1016 3678 irretierintttitf'ztttttttztistttttt
1030 3533 1181 3673 ittet:

96 3677 158 3736 Mt
194 3675 295 3731 osuini
322 3683 433 3746 poterat
457 3692 579 3746 praepos.
599 3680 645 3739 in,
669 3687 701 3730 ut
719 3677 854 3730 consimili
872 3676 934 3727 loco
952 3672 1032 3744 Apul.
1054 3675 1133 3742 Apol.
1152 3691 1181 3743 p.

26 3779 27 3782 =
97 3743 146 3811 5⁸7-
165 3745 383 3817 Cognitutnlsoc
403 3747 663 3802 interueniente.
699 3747 830 3822 Rufinum
851 3763 945 3800 omnes
961 3747 1101 3799 exsecrati
1111 3781 1119 3807 ,
1138 3759 1181 3799 nis

96 3811 212 3870 Meu·
229 3817 328 3870 tuim-
364 3817 420 3870 Sed
439 3817 513 3870 nibil
538 3824 597 3868 eret
614 3819 797 3871 movendum
824 3832 887 3869 uum
913 3819 972 3885 ipse
992 3813 1181 3884 SeptimiusL

100 3885 131 3940 ¹⁶.
148 3905 232 3958 quesn
248 3889 384 3942 iuvemus
417 3889 609 3942 sertim-alii
622 3915 652 3930 -·
657 3887 844 3959 festinarent.
881 3886 1021 3940 Offensum
1036 3893 1079 3937 cst
1096 3887 1181 3936 etiam

97 3949 121 4004 lt
137 3959 248 4010 vocibus
266 3961 347 4010 cuius
364 3976 383 4011 st
404 3971 491 4012 vstitu
509 3959 528 4012 i.
550 3974 574 4012 e.
593 3959 641 4030 qni
662 3975 724 4010 eum
744 3959 915 4010 advenisset:
942 3973 1023 4026 quem
1045 3953 1181 4026 loquendl

96 4035 204 4090 loten,
225 4029 351 4100 quentis
370 4031 502 4081 usitatum
522 4028 633 4099 (Caesar
651 4031 679 4082 ll.
698 4031 731 4081 G.
751 4027 824 4087 vttt.
842 4031 883 4086 sS.
904 4029 1026 4094 Quorum
1046 4024 1182 4079 adventu.

97 4089 143 4146 lde.
162 4097 181 4148 l.
200 4101 242 4154 58.
260 4097 394 4154 Adventu
411 4117 523 4154 suerum
543 4099 680 4154 lacrimas
698 4099 822 4154 obortae.
859 4098 968 4152 Similia
983 4113 1017 4148 er
1031 4095 1093 4148 eliis
1104 4101 1182 4165 ipso·

97 4177 142 4230 tte
159 4167 294 4238 Septimio
314 4171 430 4239 collegit
446 4167 596 4240 Wopkens.
614 4187 641 4241 p.
655 4171 703 4240 6.),
722 4185 783 4222 eum
802 4185 859 4222 nou
878 4175 1018 4238 asperent,
1038 4181 1181 4220 correxere

96 4241 165 4290 mes
181 4237 349 4310 aduam}
371 4257 455 4312 quem
475 4243 683 4302 correctionem,
700 4247 732 4292 ut
748 4247 833 4293 staret
851 4241 956 4299 oratio,
985 4237 1065 4308 seqnl
1082 4234 1183 4290 debuit

98 4307 170 4362 tlters
187 4313 326 4386 serapim
357 4313 431 4372 ilinc
451 4319 515 4366 nata
532 4319 574 4366 est
595 4313 679 4365 tectio
703 4313 787 4367 cutus
809 4308 963 4367 adventurn
987 4319 1048 4366 tote
1077 4306 1181 4361 ciuitas
