<?xml version="1.0" encoding="UTF-8"?>
<!DOCTYPE html PUBLIC "-//W3C//DTD XHTML 1.0 Transitional//EN"
    "http://www.w3.org/TR/xhtml1/DTD/xhtml1-transitional.dtd">
<html xmlns="http://www.w3.org/1999/xhtml" xml:lang="en" lang="en">
 <head>
  <title>
</title>
<meta http-equiv="Content-Type" content="text/html;charset=utf-8" />
  <meta name='ocr-system' content='tesseract 3.04.00' />
  <meta name='ocr-capabilities' content='ocr_page ocr_carea ocr_par ocr_line ocrx_word'/>
</head>
<body>
  <div class='ocr_page' id='page_1' title='image "./dictyscretensis00dictgoog/dictyscretensis00dictgoog_0719.png"; bbox 0 0 2724 4680; ppageno 0'>
   <div class='ocr_carea' id='block_1_1' title="bbox 167 337 859 399">
    <p class='ocr_par' dir='ltr' id='par_1_1' title="bbox 167 337 859 399">
     <span class='ocr_line' id='line_1_1' title="bbox 167 337 859 399; baseline 0 -1"><span class='ocrx_word' id='word_1_1' title='bbox 167 337 210 398; x_wconf 81' lang='lat' dir='ltr'>ou</span> <span class='ocrx_word' id='word_1_2' title='bbox 571 340 859 399; x_wconf 73' lang='lat' dir='ltr'>ADNOTATIONRE</span> 
     </span>
    </p>
   </div>
   <div class='ocr_carea' id='block_1_2' title="bbox 132 519 1347 4245">
    <p class='ocr_par' dir='ltr' id='par_1_2' title="bbox 132 519 1347 4245">
     <span class='ocr_line' id='line_1_2' title="bbox 167 519 1269 599; baseline 0 -21"><span class='ocrx_word' id='word_1_3' title='bbox 167 523 349 596; x_wconf 79' lang='lat' dir='ltr'>aggregatos,</span> <span class='ocrx_word' id='word_1_4' title='bbox 369 523 414 580; x_wconf 90' lang='lat' dir='ltr'>tot</span> <span class='ocrx_word' id='word_1_5' title='bbox 433 519 545 581; x_wconf 82' lang='lat' dir='ltr'>iuvenes</span> <span class='ocrx_word' id='word_1_6' title='bbox 568 539 706 582; x_wconf 85' lang='lat' dir='ltr'>armorum</span> <span class='ocrx_word' id='word_1_7' title='bbox 725 520 909 582; x_wconf 81' lang='lat' dir='ltr'>bellicositatc</span> <span class='ocrx_word' id='word_1_8' title='bbox 926 520 1091 599; x_wconf 73' lang='lat' dir='ltr'>conspicuos</span> <span class='ocrx_word' id='word_1_9' title='bbox 1106 520 1269 580; x_wconf 65' lang='lat' dir='ltr'>mmmm:</span> 
     </span>
     <span class='ocr_line' id='line_1_3' title="bbox 165 603 1269 685; baseline 0.005 -24"><span class='ocrx_word' id='word_1_10' title='bbox 165 603 195 662; x_wconf 87' lang='lat' dir='ltr'>in</span> <span class='ocrx_word' id='word_1_11' title='bbox 212 623 295 664; x_wconf 92' lang='lat' dir='ltr'>unum</span> <span class='ocrx_word' id='word_1_12' title='bbox 309 605 346 664; x_wconf 90' lang='lat' dir='ltr'>ad</span> <span class='ocrx_word' id='word_1_13' title='bbox 366 605 497 666; x_wconf 88' lang='lat' dir='ltr'>bellicosa</span> <span class='ocrx_word' id='word_1_14' title='bbox 511 625 588 666; x_wconf 89' lang='lat' dir='ltr'>arma</span> <span class='ocrx_word' id='word_1_15' title='bbox 607 607 760 685; x_wconf 79' lang='lat' dir='ltr'>ingerenda</span> <span class='ocrx_word' id='word_1_16' title='bbox 778 605 891 668; x_wconf 80' lang='lat' dir='ltr'>viriliter</span> <span class='ocrx_word' id='word_1_17' title='bbox 910 613 1007 665; x_wconf 87' lang='lat' dir='ltr'>contra</span> <span class='ocrx_word' id='word_1_18' title='bbox 1026 603 1144 664; x_wconf 78' lang='lat' dir='ltr'>bostcsi</span> <span class='ocrx_word' id='word_1_19' title='bbox 1162 605 1269 666; x_wconf 82' lang='lat' dir='ltr'>Nonne</span> 
     </span>
     <span class='ocr_line' id='line_1_4' title="bbox 164 690 1268 772; baseline 0 -24"><span class='ocrx_word' id='word_1_20' title='bbox 164 691 311 749; x_wconf 76' lang='lat' dir='ltr'>manifesta</span> <span class='ocrx_word' id='word_1_21' title='bbox 331 693 468 752; x_wconf 87' lang='lat' dir='ltr'>dementia</span> <span class='ocrx_word' id='word_1_22' title='bbox 486 690 595 751; x_wconf 79' lang='lat' dir='ltr'>ducitur</span> <span class='ocrx_word' id='word_1_23' title='bbox 616 701 644 752; x_wconf 87' lang='lat' dir='ltr'>et</span> <span class='ocrx_word' id='word_1_24' title='bbox 661 695 758 772; x_wconf 88' lang='lat' dir='ltr'>spirito</span> <span class='ocrx_word' id='word_1_25' title='bbox 779 693 917 752; x_wconf 74' lang='lat' dir='ltr'>mecitatis</span> <span class='ocrx_word' id='word_1_26' title='bbox 934 691 1088 762; x_wconf 87' lang='lat' dir='ltr'>obducitur,</span> <span class='ocrx_word' id='word_1_27' title='bbox 1110 692 1268 767; x_wconf 81' lang='lat' dir='ltr'>qnioontra</span> 
     </span>
     <span class='ocr_line' id='line_1_5' title="bbox 164 773 1268 854; baseline 0 -22"><span class='ocrx_word' id='word_1_28' title='bbox 164 791 215 832; x_wconf 83' lang='lat' dir='ltr'>vos</span> <span class='ocrx_word' id='word_1_29' title='bbox 230 777 380 852; x_wconf 86' lang='lat' dir='ltr'>praesumit</span> <span class='ocrx_word' id='word_1_30' title='bbox 391 775 501 838; x_wconf 86' lang='lat' dir='ltr'>elevare</span> <span class='ocrx_word' id='word_1_31' title='bbox 515 777 669 837; x_wconf 65' lang='lat' dir='ltr'>minaeum</span> <span class='ocrx_word' id='word_1_32' title='bbox 682 783 712 837; x_wconf 90' lang='lat' dir='ltr'>et</span> <span class='ocrx_word' id='word_1_33' title='bbox 728 778 800 836; x_wconf 83' lang='lat' dir='ltr'>vires</span> <span class='ocrx_word' id='word_1_34' title='bbox 821 785 929 836; x_wconf 85' lang='lat' dir='ltr'>vestras</span> <span class='ocrx_word' id='word_1_35' title='bbox 948 778 986 834; x_wconf 85' lang='lat' dir='ltr'>sd</span> <span class='ocrx_word' id='word_1_36' title='bbox 1005 775 1112 854; x_wconf 85' lang='lat' dir='ltr'>proclia</span> <span class='ocrx_word' id='word_1_37' title='bbox 1132 773 1268 835; x_wconf 71' lang='lat' dir='ltr'>irritaret</span> 
     </span>
     <span class='ocr_line' id='line_1_6' title="bbox 163 859 1265 940; baseline 0.001 -23"><span class='ocrx_word' id='word_1_38' title='bbox 163 859 240 919; x_wconf 88' lang='lat' dir='ltr'>Sane</span> <span class='ocrx_word' id='word_1_39' title='bbox 261 863 298 920; x_wconf 90' lang='lat' dir='ltr'>de</span> <span class='ocrx_word' id='word_1_40' title='bbox 320 863 402 921; x_wconf 88' lang='lat' dir='ltr'>nobis</span> <span class='ocrx_word' id='word_1_41' title='bbox 423 861 567 935; x_wconf 90' lang='lat' dir='ltr'>omnibus,</span> <span class='ocrx_word' id='word_1_42' title='bbox 588 865 637 940; x_wconf 91' lang='lat' dir='ltr'>qui</span> <span class='ocrx_word' id='word_1_43' title='bbox 657 882 751 922; x_wconf 92' lang='lat' dir='ltr'>sumus</span> <span class='ocrx_word' id='word_1_44' title='bbox 771 864 800 921; x_wconf 93' lang='lat' dir='ltr'>in</span> <span class='ocrx_word' id='word_1_45' title='bbox 822 861 876 920; x_wconf 90' lang='lat' dir='ltr'>boc</span> <span class='ocrx_word' id='word_1_46' title='bbox 893 863 1014 922; x_wconf 82' lang='lat' dir='ltr'>exercitu</span> <span class='ocrx_word' id='word_1_47' title='bbox 1034 859 1176 932; x_wconf 84' lang='lat' dir='ltr'>cumulati,</span> <span class='ocrx_word' id='word_1_48' title='bbox 1197 859 1265 919; x_wconf 80' lang='lat' dir='ltr'>tales</span> 
     </span>
     <span class='ocr_line' id='line_1_7' title="bbox 163 947 1265 1025; baseline 0.001 -20"><span class='ocrx_word' id='word_1_49' title='bbox 163 953 273 1005; x_wconf 71' lang='lat' dir='ltr'>mutum</span> <span class='ocrx_word' id='word_1_50' title='bbox 284 948 454 1025; x_wconf 89' lang='lat' dir='ltr'>potentiores</span> <span class='ocrx_word' id='word_1_51' title='bbox 472 965 612 1022; x_wconf 79' lang='lat' dir='ltr'>agnosco3</span> <span class='ocrx_word' id='word_1_52' title='bbox 631 967 748 1024; x_wconf 83' lang='lat' dir='ltr'>quornm</span> <span class='ocrx_word' id='word_1_53' title='bbox 768 965 853 1006; x_wconf 87' lang='lat' dir='ltr'>unum</span> <span class='ocrx_word' id='word_1_54' title='bbox 866 947 999 1005; x_wconf 78' lang='lat' dir='ltr'>duntaxat</span> <span class='ocrx_word' id='word_1_55' title='bbox 1018 947 1265 1008; x_wconf 73' lang='lat' dir='ltr'>reresssuffiocret</span> 
     </span>
     <span class='ocr_line' id='line_1_8' title="bbox 162 1031 1262 1108; baseline 0.002 -20"><span class='ocrx_word' id='word_1_56' title='bbox 162 1032 201 1088; x_wconf 86' lang='lat' dir='ltr'>ad</span> <span class='ocrx_word' id='word_1_57' title='bbox 223 1034 416 1108; x_wconf 83' lang='lat' dir='ltr'>exequendum</span> <span class='ocrx_word' id='word_1_58' title='bbox 439 1032 506 1091; x_wconf 91' lang='lat' dir='ltr'>illud</span> <span class='ocrx_word' id='word_1_59' title='bbox 522 1039 552 1092; x_wconf 87' lang='lat' dir='ltr'>et</span> <span class='ocrx_word' id='word_1_60' title='bbox 569 1031 684 1092; x_wconf 76' lang='lat' dir='ltr'>feliciter</span> <span class='ocrx_word' id='word_1_61' title='bbox 702 1033 922 1104; x_wconf 85' lang='lat' dir='ltr'>terminandum,</span> <span class='ocrx_word' id='word_1_62' title='bbox 943 1032 981 1091; x_wconf 89' lang='lat' dir='ltr'>ad</span> <span class='ocrx_word' id='word_1_63' title='bbox 1000 1033 1077 1106; x_wconf 86' lang='lat' dir='ltr'>quod</span> <span class='ocrx_word' id='word_1_64' title='bbox 1095 1049 1150 1088; x_wconf 87' lang='lat' dir='ltr'>nos</span> <span class='ocrx_word' id='word_1_65' title='bbox 1167 1049 1262 1090; x_wconf 68' lang='lat' dir='ltr'>mnes</span> 
     </span>
     <span class='ocr_line' id='line_1_9' title="bbox 163 1115 1259 1194; baseline 0.001 -21"><span class='ocrx_word' id='word_1_66' title='bbox 163 1115 273 1175; x_wconf 77' lang='lat' dir='ltr'><strong>insimul</strong></span> <span class='ocrx_word' id='word_1_67' title='bbox 291 1116 459 1178; x_wconf 86' lang='lat' dir='ltr'>anhelamus.</span> <span class='ocrx_word' id='word_1_68' title='bbox 502 1117 612 1177; x_wconf 89' lang='lat' dir='ltr'>Nemini</span> <span class='ocrx_word' id='word_1_69' title='bbox 632 1118 706 1177; x_wconf 91' lang='lat' dir='ltr'>euim</span> <span class='ocrx_word' id='word_1_70' title='bbox 723 1124 879 1177; x_wconf 89' lang='lat' dir='ltr'>nostrorum</span> <span class='ocrx_word' id='word_1_71' title='bbox 900 1116 1022 1176; x_wconf 84' lang='lat' dir='ltr'>venitin</span> <span class='ocrx_word' id='word_1_72' title='bbox 1042 1116 1176 1190; x_wconf 84' lang='lat' dir='ltr'>dubium,</span> <span class='ocrx_word' id='word_1_73' title='bbox 1196 1115 1259 1194; x_wconf 84' lang='lat' dir='ltr'>qsrin</span> 
     </span>
     <span class='ocr_line' id='line_1_10' title="bbox 162 1199 1258 1281; baseline -0.002 -21"><span class='ocrx_word' id='word_1_74' title='bbox 162 1201 248 1260; x_wconf 87' lang='lat' dir='ltr'>simas</span> <span class='ocrx_word' id='word_1_75' title='bbox 263 1203 300 1259; x_wconf 87' lang='lat' dir='ltr'>ad</span> <span class='ocrx_word' id='word_1_76' title='bbox 311 1221 443 1280; x_wconf 85' lang='lat' dir='ltr'>praesens</span> <span class='ocrx_word' id='word_1_77' title='bbox 456 1203 557 1281; x_wconf 88' lang='lat' dir='ltr'>pulsati</span> <span class='ocrx_word' id='word_1_78' title='bbox 568 1202 723 1275; x_wconf 81' lang='lat' dir='ltr'>dedecore,</span> <span class='ocrx_word' id='word_1_79' title='bbox 744 1203 853 1280; x_wconf 87' lang='lat' dir='ltr'>quantis</span> <span class='ocrx_word' id='word_1_80' title='bbox 869 1221 921 1280; x_wconf 90' lang='lat' dir='ltr'>pro</span> <span class='ocrx_word' id='word_1_81' title='bbox 938 1199 1045 1260; x_wconf 81' lang='lat' dir='ltr'>danrms</span> <span class='ocrx_word' id='word_1_82' title='bbox 1062 1203 1145 1260; x_wconf 89' lang='lat' dir='ltr'>nobis</span> <span class='ocrx_word' id='word_1_83' title='bbox 1161 1209 1190 1260; x_wconf 87' lang='lat' dir='ltr'>ct</span> <span class='ocrx_word' id='word_1_84' title='bbox 1207 1219 1258 1258; x_wconf 81' lang='lat' dir='ltr'>no-</span> 
     </span>
     <span class='ocr_line' id='line_1_11' title="bbox 161 1285 1258 1368; baseline 0.001 -25"><span class='ocrx_word' id='word_1_85' title='bbox 161 1288 226 1344; x_wconf 88' lang='lat' dir='ltr'>stris</span> <span class='ocrx_word' id='word_1_86' title='bbox 244 1305 334 1364; x_wconf 83' lang='lat' dir='ltr'>nuper</span> <span class='ocrx_word' id='word_1_87' title='bbox 347 1288 486 1368; x_wconf 83' lang='lat' dir='ltr'>provocati</span> <span class='ocrx_word' id='word_1_88' title='bbox 505 1288 589 1346; x_wconf 84' lang='lat' dir='ltr'>simas</span> <span class='ocrx_word' id='word_1_89' title='bbox 610 1297 706 1346; x_wconf 88' lang='lat' dir='ltr'>contra</span> <span class='ocrx_word' id='word_1_90' title='bbox 721 1287 859 1346; x_wconf 83' lang='lat' dir='ltr'>Troianos</span> <span class='ocrx_word' id='word_1_91' title='bbox 876 1305 952 1345; x_wconf 86' lang='lat' dir='ltr'>arma</span> <span class='ocrx_word' id='word_1_92' title='bbox 972 1285 1046 1344; x_wconf 88' lang='lat' dir='ltr'>iusta</span> <span class='ocrx_word' id='word_1_93' title='bbox 1064 1305 1215 1364; x_wconf 71' lang='lat' dir='ltr'>capessere</span> <span class='ocrx_word' id='word_1_94' title='bbox 1230 1291 1258 1344; x_wconf 83' lang='lat' dir='ltr'>ct</span> 
     </span>
     <span class='ocr_line' id='line_1_12' title="bbox 160 1371 1258 1434; baseline -0.002 -4"><span class='ocrx_word' id='word_1_95' title='bbox 160 1371 245 1430; x_wconf 87' lang='lat' dir='ltr'>duros</span> <span class='ocrx_word' id='word_1_96' title='bbox 266 1379 361 1431; x_wconf 87' lang='lat' dir='ltr'>contra</span> <span class='ocrx_word' id='word_1_97' title='bbox 381 1391 430 1432; x_wconf 87' lang='lat' dir='ltr'>eos</span> <span class='ocrx_word' id='word_1_98' title='bbox 451 1373 525 1432; x_wconf 87' lang='lat' dir='ltr'>inire.</span> <span class='ocrx_word' id='word_1_99' title='bbox 540 1375 692 1434; x_wconf 84' lang='lat' dir='ltr'>conflictus.</span> <span class='ocrx_word' id='word_1_100' title='bbox 744 1371 786 1433; x_wconf 92' lang='lat' dir='ltr'>Ut</span> <span class='ocrx_word' id='word_1_101' title='bbox 806 1379 899 1431; x_wconf 70' lang='lat' dir='ltr'>summ</span> <span class='ocrx_word' id='word_1_102' title='bbox 920 1371 1081 1431; x_wconf 68' lang='lat' dir='ltr'>ardentibus</span> <span class='ocrx_word' id='word_1_103' title='bbox 1101 1371 1202 1430; x_wconf 83' lang='lat' dir='ltr'>animis</span> <span class='ocrx_word' id='word_1_104' title='bbox 1223 1371 1258 1428; x_wconf 80' lang='lat' dir='ltr'>sel</span> 
     </span>
     <span class='ocr_line' id='line_1_13' title="bbox 158 1453 1258 1535; baseline -0.001 -21"><span class='ocrx_word' id='word_1_105' title='bbox 158 1463 266 1516; x_wconf 88' lang='lat' dir='ltr'>nostras</span> <span class='ocrx_word' id='word_1_106' title='bbox 285 1459 480 1535; x_wconf 85' lang='lat' dir='ltr'>consequendo</span> <span class='ocrx_word' id='word_1_107' title='bbox 502 1459 614 1516; x_wconf 89' lang='lat' dir='ltr'>omniuo</span> <span class='ocrx_word' id='word_1_108' title='bbox 638 1458 772 1517; x_wconf 80' lang='lat' dir='ltr'>vindictas</span> <span class='ocrx_word' id='word_1_109' title='bbox 793 1459 934 1518; x_wconf 84' lang='lat' dir='ltr'>unanimes</span> <span class='ocrx_word' id='word_1_110' title='bbox 954 1457 1142 1534; x_wconf 72' lang='lat' dir='ltr'>insurgamus,</span> <span class='ocrx_word' id='word_1_111' title='bbox 1163 1463 1193 1516; x_wconf 85' lang='lat' dir='ltr'>et</span> <span class='ocrx_word' id='word_1_112' title='bbox 1208 1453 1258 1513; x_wconf 88' lang='lat' dir='ltr'>boc</span> 
     </span>
     <span class='ocr_line' id='line_1_14' title="bbox 157 1541 1258 1620; baseline -0.002 -20"><span class='ocrx_word' id='word_1_113' title='bbox 157 1541 326 1600; x_wconf 84' lang='lat' dir='ltr'>rationabilis</span> <span class='ocrx_word' id='word_1_114' title='bbox 336 1545 486 1602; x_wconf 88' lang='lat' dir='ltr'>necessitas</span> <span class='ocrx_word' id='word_1_115' title='bbox 505 1543 617 1620; x_wconf 78' lang='lat' dir='ltr'>ingerit,</span> <span class='ocrx_word' id='word_1_116' title='bbox 639 1548 669 1602; x_wconf 89' lang='lat' dir='ltr'>et</span> <span class='ocrx_word' id='word_1_117' title='bbox 687 1561 738 1600; x_wconf 92' lang='lat' dir='ltr'>nos</span> <span class='ocrx_word' id='word_1_118' title='bbox 756 1543 794 1600; x_wconf 88' lang='lat' dir='ltr'>ad</span> <span class='ocrx_word' id='word_1_119' title='bbox 812 1543 864 1601; x_wconf 88' lang='lat' dir='ltr'>boe</span> <span class='ocrx_word' id='word_1_120' title='bbox 877 1545 965 1602; x_wconf 85' lang='lat' dir='ltr'>iustos</span> <span class='ocrx_word' id='word_1_121' title='bbox 982 1541 1063 1600; x_wconf 86' lang='lat' dir='ltr'>dolor</span> <span class='ocrx_word' id='word_1_122' title='bbox 1084 1541 1209 1620; x_wconf 86' lang='lat' dir='ltr'>impellit,</span> <span class='ocrx_word' id='word_1_123' title='bbox 1229 1547 1258 1598; x_wconf 88' lang='lat' dir='ltr'>nt</span> 
     </span>
     <span class='ocr_line' id='line_1_15' title="bbox 156 1627 1256 1706; baseline 0 -22"><span class='ocrx_word' id='word_1_124' title='bbox 156 1629 248 1706; x_wconf 90' lang='lat' dir='ltr'>primo</span> <span class='ocrx_word' id='word_1_125' title='bbox 262 1627 469 1704; x_wconf 86' lang='lat' dir='ltr'>obloquentium</span> <span class='ocrx_word' id='word_1_126' title='bbox 481 1647 529 1686; x_wconf 89' lang='lat' dir='ltr'>ora</span> <span class='ocrx_word' id='word_1_127' title='bbox 541 1630 680 1687; x_wconf 74' lang='lat' dir='ltr'>frenemus</span> <span class='ocrx_word' id='word_1_128' title='bbox 698 1635 727 1688; x_wconf 89' lang='lat' dir='ltr'>et</span> <span class='ocrx_word' id='word_1_129' title='bbox 744 1635 899 1686; x_wconf 89' lang='lat' dir='ltr'>nostrorum</span> <span class='ocrx_word' id='word_1_130' title='bbox 918 1628 1057 1704; x_wconf 77' lang='lat' dir='ltr'>vituperia</span> <span class='ocrx_word' id='word_1_131' title='bbox 1071 1628 1256 1702; x_wconf 65' lang='lat' dir='ltr'>detegens,</span> 
     </span>
     <span class='ocr_line' id='line_1_16' title="bbox 157 1710 1256 1791; baseline 0.002 -23"><span class='ocrx_word' id='word_1_132' title='bbox 157 1712 197 1769; x_wconf 91' lang='lat' dir='ltr'>sic</span> <span class='ocrx_word' id='word_1_133' title='bbox 212 1717 243 1770; x_wconf 90' lang='lat' dir='ltr'>ut</span> <span class='ocrx_word' id='word_1_134' title='bbox 257 1710 375 1771; x_wconf 87' lang='lat' dir='ltr'>Troiani</span> <span class='ocrx_word' id='word_1_135' title='bbox 385 1714 422 1773; x_wconf 87' lang='lat' dir='ltr'>de</span> <span class='ocrx_word' id='word_1_136' title='bbox 437 1723 528 1774; x_wconf 88' lang='lat' dir='ltr'>cetero</span> <span class='ocrx_word' id='word_1_137' title='bbox 542 1713 579 1770; x_wconf 87' lang='lat' dir='ltr'>ad</span> <span class='ocrx_word' id='word_1_138' title='bbox 592 1713 818 1772; x_wconf 88' lang='lat' dir='ltr'>committendum</span> <span class='ocrx_word' id='word_1_139' title='bbox 832 1712 930 1771; x_wconf 75' lang='lat' dir='ltr'>similia</span> <span class='ocrx_word' id='word_1_140' title='bbox 950 1730 1006 1770; x_wconf 93' lang='lat' dir='ltr'>non</span> <span class='ocrx_word' id='word_1_141' title='bbox 1023 1721 1204 1791; x_wconf 82' lang='lat' dir='ltr'>praesamant</span> <span class='ocrx_word' id='word_1_142' title='bbox 1220 1717 1256 1784; x_wconf 66' lang='lat' dir='ltr'>m,</span> 
     </span>
     <span class='ocr_line' id='line_1_17' title="bbox 157 1795 1257 1875; baseline 0.001 -22"><span class='ocrx_word' id='word_1_143' title='bbox 157 1795 194 1854; x_wconf 89' lang='lat' dir='ltr'>de</span> <span class='ocrx_word' id='word_1_144' title='bbox 206 1797 358 1856; x_wconf 85' lang='lat' dir='ltr'>commissis</span> <span class='ocrx_word' id='word_1_145' title='bbox 368 1805 462 1858; x_wconf 87' lang='lat' dir='ltr'>contra</span> <span class='ocrx_word' id='word_1_146' title='bbox 476 1816 527 1856; x_wconf 93' lang='lat' dir='ltr'>nos</span> <span class='ocrx_word' id='word_1_147' title='bbox 541 1817 636 1858; x_wconf 88' lang='lat' dir='ltr'>eornm</span> <span class='ocrx_word' id='word_1_148' title='bbox 649 1798 807 1857; x_wconf 85' lang='lat' dir='ltr'>exeeasibos</span> <span class='ocrx_word' id='word_1_149' title='bbox 820 1799 844 1855; x_wconf 94' lang='lat' dir='ltr'>si</span> <span class='ocrx_word' id='word_1_150' title='bbox 860 1798 955 1875; x_wconf 89' lang='lat' dir='ltr'>poenis</span> <span class='ocrx_word' id='word_1_151' title='bbox 968 1797 1070 1856; x_wconf 87' lang='lat' dir='ltr'>debitis</span> <span class='ocrx_word' id='word_1_152' title='bbox 1084 1817 1142 1856; x_wconf 90' lang='lat' dir='ltr'>non</span> <span class='ocrx_word' id='word_1_153' title='bbox 1159 1815 1257 1855; x_wconf 72' lang='lat' dir='ltr'>suen-</span> 
     </span>
     <span class='ocr_line' id='line_1_18' title="bbox 156 1880 1255 1961; baseline 0.005 -24"><span class='ocrx_word' id='word_1_154' title='bbox 156 1888 209 1953; x_wconf 90' lang='lat' dir='ltr'>tur‚</span> <span class='ocrx_word' id='word_1_155' title='bbox 231 1880 268 1938; x_wconf 92' lang='lat' dir='ltr'>ad</span> <span class='ocrx_word' id='word_1_156' title='bbox 287 1881 412 1953; x_wconf 79' lang='lat' dir='ltr'>duriora3</span> <span class='ocrx_word' id='word_1_157' title='bbox 441 1884 516 1959; x_wconf 90' lang='lat' dir='ltr'>quod</span> <span class='ocrx_word' id='word_1_158' title='bbox 544 1884 618 1942; x_wconf 88' lang='lat' dir='ltr'>absit</span> <span class='ocrx_word' id='word_1_159' title='bbox 646 1883 798 1961; x_wconf 82' lang='lat' dir='ltr'>procedere</span> <span class='ocrx_word' id='word_1_160' title='bbox 824 1883 1001 1960; x_wconf 87' lang='lat' dir='ltr'>postmodum</span> <span class='ocrx_word' id='word_1_161' title='bbox 1026 1901 1084 1940; x_wconf 92' lang='lat' dir='ltr'>non</span> <span class='ocrx_word' id='word_1_162' title='bbox 1113 1883 1255 1942; x_wconf 84' lang='lat' dir='ltr'>timebunt.</span> 
     </span>
     <span class='ocr_line' id='line_1_19' title="bbox 154 1962 1256 2044; baseline 0 -20"><span class='ocrx_word' id='word_1_163' title='bbox 154 1962 257 2040; x_wconf 86' lang='lat' dir='ltr'>Neque</span> <span class='ocrx_word' id='word_1_164' title='bbox 275 1965 347 2024; x_wconf 88' lang='lat' dir='ltr'>enim</span> <span class='ocrx_word' id='word_1_165' title='bbox 369 1967 486 2026; x_wconf 85' lang='lat' dir='ltr'>maiores</span> <span class='ocrx_word' id='word_1_166' title='bbox 498 1969 585 2026; x_wconf 88' lang='lat' dir='ltr'>nostri</span> <span class='ocrx_word' id='word_1_167' title='bbox 607 1969 755 2027; x_wconf 76' lang='lat' dir='ltr'>assuefacti</span> <span class='ocrx_word' id='word_1_168' title='bbox 776 1968 903 2039; x_wconf 83' lang='lat' dir='ltr'>fueraut,</span> <span class='ocrx_word' id='word_1_169' title='bbox 924 1968 1030 2044; x_wconf 90' lang='lat' dir='ltr'>aliquid</span> <span class='ocrx_word' id='word_1_170' title='bbox 1046 1968 1191 2026; x_wconf 86' lang='lat' dir='ltr'>dedecoris</span> <span class='ocrx_word' id='word_1_171' title='bbox 1203 1967 1256 2024; x_wconf 85' lang='lat' dir='ltr'>snb</span> 
     </span>
     <span class='ocr_line' id='line_1_20' title="bbox 153 2047 1347 2130; baseline 0.003 -24"><span class='ocrx_word' id='word_1_172' title='bbox 153 2047 263 2107; x_wconf 87' lang='lat' dir='ltr'>silentio</span> <span class='ocrx_word' id='word_1_173' title='bbox 283 2052 466 2128; x_wconf 89' lang='lat' dir='ltr'>pertransire,</span> <span class='ocrx_word' id='word_1_174' title='bbox 495 2052 572 2128; x_wconf 90' lang='lat' dir='ltr'>quod</span> <span class='ocrx_word' id='word_1_175' title='bbox 595 2073 648 2130; x_wconf 89' lang='lat' dir='ltr'>per</span> <span class='ocrx_word' id='word_1_176' title='bbox 668 2053 873 2128; x_wconf 86' lang='lat' dir='ltr'>obloquentium</span> <span class='ocrx_word' id='word_1_177' title='bbox 900 2052 1114 2112; x_wconf 84' lang='lat' dir='ltr'>diffamationem</span> <span class='ocrx_word' id='word_1_178' title='bbox 1133 2051 1177 2108; x_wconf 85' lang='lat' dir='ltr'>eis</span> <span class='ocrx_word' id='word_1_179' title='bbox 1197 2052 1254 2110; x_wconf 90' lang='lat' dir='ltr'>ob-</span> <span class='ocrx_word' id='word_1_180' title='bbox 1346 2071 1347 2110; x_wconf 69' lang='lat' dir='ltr'>l</span> 
     </span>
     <span class='ocr_line' id='line_1_21' title="bbox 151 2134 1249 2214; baseline 0.002 -22"><span class='ocrx_word' id='word_1_181' title='bbox 151 2134 297 2212; x_wconf 86' lang='lat' dir='ltr'>probriosc</span> <span class='ocrx_word' id='word_1_182' title='bbox 317 2143 413 2214; x_wconf 83' lang='lat' dir='ltr'>posset</span> <span class='ocrx_word' id='word_1_183' title='bbox 433 2137 568 2209; x_wconf 78' lang='lat' dir='ltr'>adscribi3</span> <span class='ocrx_word' id='word_1_184' title='bbox 589 2157 641 2198; x_wconf 88' lang='lat' dir='ltr'>nec</span> <span class='ocrx_word' id='word_1_185' title='bbox 656 2155 708 2196; x_wconf 91' lang='lat' dir='ltr'>nos</span> <span class='ocrx_word' id='word_1_186' title='bbox 722 2137 833 2213; x_wconf 90' lang='lat' dir='ltr'>quidem</span> <span class='ocrx_word' id='word_1_187' title='bbox 854 2135 934 2195; x_wconf 81' lang='lat' dir='ltr'>simili</span> <span class='ocrx_word' id='word_1_188' title='bbox 948 2138 1034 2196; x_wconf 88' lang='lat' dir='ltr'>modo</span> <span class='ocrx_word' id='word_1_189' title='bbox 1046 2137 1249 2194; x_wconf 68' lang='lat' dir='ltr'>molentibus</span> 
     </span>
     <span class='ocr_line' id='line_1_22' title="bbox 151 2217 1249 2300; baseline 0.003 -23"><span class='ocrx_word' id='word_1_190' title='bbox 151 2217 235 2277; x_wconf 83' lang='lat' dir='ltr'>oeulis</span> <span class='ocrx_word' id='word_1_191' title='bbox 253 2219 422 2280; x_wconf 85' lang='lat' dir='ltr'>dissimulare</span> <span class='ocrx_word' id='word_1_192' title='bbox 436 2223 586 2293; x_wconf 88' lang='lat' dir='ltr'>debemus,</span> <span class='ocrx_word' id='word_1_193' title='bbox 607 2223 683 2300; x_wconf 88' lang='lat' dir='ltr'>quod</span> <span class='ocrx_word' id='word_1_194' title='bbox 702 2221 882 2299; x_wconf 84' lang='lat' dir='ltr'>obprobriose</span> <span class='ocrx_word' id='word_1_195' title='bbox 901 2221 981 2280; x_wconf 86' lang='lat' dir='ltr'>nobis</span> <span class='ocrx_word' id='word_1_196' title='bbox 999 2229 1029 2282; x_wconf 91' lang='lat' dir='ltr'>et</span> <span class='ocrx_word' id='word_1_197' title='bbox 1043 2222 1140 2280; x_wconf 81' lang='lat' dir='ltr'>nostris</span> <span class='ocrx_word' id='word_1_198' title='bbox 1156 2220 1249 2298; x_wconf 81' lang='lat' dir='ltr'>possit</span> 
     </span>
     <span class='ocr_line' id='line_1_23' title="bbox 152 2304 1251 2385; baseline 0.004 -23"><span class='ocrx_word' id='word_1_199' title='bbox 152 2307 353 2364; x_wconf 85' lang='lat' dir='ltr'>successoribus</span> <span class='ocrx_word' id='word_1_200' title='bbox 374 2307 547 2385; x_wconf 77' lang='lat' dir='ltr'>exprobrari,</span> <span class='ocrx_word' id='word_1_201' title='bbox 569 2309 685 2368; x_wconf 84' lang='lat' dir='ltr'>maxime</span> <span class='ocrx_word' id='word_1_202' title='bbox 705 2327 765 2366; x_wconf 90' lang='lat' dir='ltr'>cum</span> <span class='ocrx_word' id='word_1_203' title='bbox 786 2313 829 2366; x_wconf 89' lang='lat' dir='ltr'>tot</span> <span class='ocrx_word' id='word_1_204' title='bbox 848 2307 932 2365; x_wconf 84' lang='lat' dir='ltr'>sirnus</span> <span class='ocrx_word' id='word_1_205' title='bbox 954 2307 982 2365; x_wconf 93' lang='lat' dir='ltr'>io</span> <span class='ocrx_word' id='word_1_206' title='bbox 1004 2307 1084 2365; x_wconf 90' lang='lat' dir='ltr'>unius</span> <span class='ocrx_word' id='word_1_207' title='bbox 1101 2304 1251 2366; x_wconf 63' lang='lat' dir='ltr'>monum</span> 
     </span>
     <span class='ocr_line' id='line_1_24' title="bbox 151 2389 1249 2470; baseline 0.002 -22"><span class='ocrx_word' id='word_1_208' title='bbox 151 2389 289 2448; x_wconf 80' lang='lat' dir='ltr'>desiderio</span> <span class='ocrx_word' id='word_1_209' title='bbox 299 2401 490 2451; x_wconf 84' lang='lat' dir='ltr'>concurrentes</span> <span class='ocrx_word' id='word_1_210' title='bbox 509 2398 539 2451; x_wconf 89' lang='lat' dir='ltr'>et</span> <span class='ocrx_word' id='word_1_211' title='bbox 558 2394 587 2450; x_wconf 93' lang='lat' dir='ltr'>in</span> <span class='ocrx_word' id='word_1_212' title='bbox 598 2399 678 2453; x_wconf 88' lang='lat' dir='ltr'>tanta</span> <span class='ocrx_word' id='word_1_213' title='bbox 691 2393 776 2450; x_wconf 86' lang='lat' dir='ltr'>simus</span> <span class='ocrx_word' id='word_1_214' title='bbox 788 2392 929 2470; x_wconf 82' lang='lat' dir='ltr'>potentiae</span> <span class='ocrx_word' id='word_1_215' title='bbox 943 2391 1089 2450; x_wconf 85' lang='lat' dir='ltr'>latitudine</span> <span class='ocrx_word' id='word_1_216' title='bbox 1099 2391 1249 2450; x_wconf 77' lang='lat' dir='ltr'>constituti</span> 
     </span>
     <span class='ocr_line' id='line_1_25' title="bbox 150 2473 1249 2555; baseline 0.002 -23"><span class='ocrx_word' id='word_1_217' title='bbox 150 2473 221 2542; x_wconf 90' lang='lat' dir='ltr'>Quis</span> <span class='ocrx_word' id='word_1_218' title='bbox 242 2477 316 2534; x_wconf 82' lang='lat' dir='ltr'>enim</span> <span class='ocrx_word' id='word_1_219' title='bbox 335 2483 380 2536; x_wconf 89' lang='lat' dir='ltr'>ast</span> <span class='ocrx_word' id='word_1_220' title='bbox 399 2477 491 2550; x_wconf 87' lang='lat' dir='ltr'>bodie,</span> <span class='ocrx_word' id='word_1_221' title='bbox 513 2479 559 2554; x_wconf 91' lang='lat' dir='ltr'>qui</span> <span class='ocrx_word' id='word_1_222' title='bbox 581 2485 689 2536; x_wconf 88' lang='lat' dir='ltr'>nostras</span> <span class='ocrx_word' id='word_1_223' title='bbox 709 2477 851 2536; x_wconf 85' lang='lat' dir='ltr'>metiretur</span> <span class='ocrx_word' id='word_1_224' title='bbox 870 2473 1031 2555; x_wconf 75' lang='lat' dir='ltr'>potentiosi</span> <span class='ocrx_word' id='word_1_225' title='bbox 1058 2476 1097 2534; x_wconf 81' lang='lat' dir='ltr'>Et</span> <span class='ocrx_word' id='word_1_226' title='bbox 1118 2477 1158 2535; x_wconf 84' lang='lat' dir='ltr'>da</span> <span class='ocrx_word' id='word_1_227' title='bbox 1180 2477 1249 2536; x_wconf 71' lang='lat' dir='ltr'>lado</span> 
     </span>
     <span class='ocr_line' id='line_1_26' title="bbox 149 2559 1249 2639; baseline 0.004 -23"><span class='ocrx_word' id='word_1_228' title='bbox 149 2559 239 2617; x_wconf 92' lang='lat' dir='ltr'>nullus</span> <span class='ocrx_word' id='word_1_229' title='bbox 256 2561 381 2637; x_wconf 82' lang='lat' dir='ltr'>videtur,</span> <span class='ocrx_word' id='word_1_230' title='bbox 401 2564 448 2639; x_wconf 90' lang='lat' dir='ltr'>qni</span> <span class='ocrx_word' id='word_1_231' title='bbox 471 2563 508 2621; x_wconf 90' lang='lat' dir='ltr'>ad</span> <span class='ocrx_word' id='word_1_232' title='bbox 523 2561 703 2622; x_wconf 84' lang='lat' dir='ltr'>offensionem</span> <span class='ocrx_word' id='word_1_233' title='bbox 725 2567 849 2622; x_wconf 86' lang='lat' dir='ltr'>nostram</span> <span class='ocrx_word' id='word_1_234' title='bbox 858 2563 975 2622; x_wconf 87' lang='lat' dir='ltr'>auderet</span> <span class='ocrx_word' id='word_1_235' title='bbox 991 2561 1150 2638; x_wconf 83' lang='lat' dir='ltr'>intrepidus</span> <span class='ocrx_word' id='word_1_236' title='bbox 1162 2562 1249 2620; x_wconf 68' lang='lat' dir='ltr'>inn-</span> 
     </span>
     <span class='ocr_line' id='line_1_27' title="bbox 149 2645 1249 2726; baseline 0.002 -24"><span class='ocrx_word' id='word_1_237' title='bbox 149 2662 233 2720; x_wconf 78' lang='lat' dir='ltr'>gere,</span> <span class='ocrx_word' id='word_1_238' title='bbox 255 2653 371 2726; x_wconf 85' lang='lat' dir='ltr'>excepta</span> <span class='ocrx_word' id='word_1_239' title='bbox 391 2653 477 2722; x_wconf 75' lang='lat' dir='ltr'>gente</span> <span class='ocrx_word' id='word_1_240' title='bbox 497 2649 575 2706; x_wconf 83' lang='lat' dir='ltr'>fatua</span> <span class='ocrx_word' id='word_1_241' title='bbox 595 2647 802 2720; x_wconf 80' lang='lat' dir='ltr'>Troianorum,</span> <span class='ocrx_word' id='word_1_242' title='bbox 823 2648 871 2724; x_wconf 90' lang='lat' dir='ltr'>qui</span> <span class='ocrx_word' id='word_1_243' title='bbox 891 2665 973 2706; x_wconf 85' lang='lat' dir='ltr'>caeco</span> <span class='ocrx_word' id='word_1_244' title='bbox 998 2653 1029 2706; x_wconf 88' lang='lat' dir='ltr'>et</span> <span class='ocrx_word' id='word_1_245' title='bbox 1047 2645 1156 2704; x_wconf 87' lang='lat' dir='ltr'>stolido</span> <span class='ocrx_word' id='word_1_246' title='bbox 1177 2647 1249 2704; x_wconf 87' lang='lat' dir='ltr'>docti</span> 
     </span>
     <span class='ocr_line' id='line_1_28' title="bbox 148 2729 1247 2809; baseline 0.003 -23"><span class='ocrx_word' id='word_1_247' title='bbox 148 2729 262 2788; x_wconf 89' lang='lat' dir='ltr'>consilio</span> <span class='ocrx_word' id='word_1_248' title='bbox 283 2749 315 2791; x_wconf 87' lang='lat' dir='ltr'>se</span> <span class='ocrx_word' id='word_1_249' title='bbox 334 2732 364 2790; x_wconf 92' lang='lat' dir='ltr'>in</span> <span class='ocrx_word' id='word_1_250' title='bbox 386 2733 520 2792; x_wconf 81' lang='lat' dir='ltr'>offensam</span> <span class='ocrx_word' id='word_1_251' title='bbox 540 2739 662 2791; x_wconf 89' lang='lat' dir='ltr'>nostram</span> <span class='ocrx_word' id='word_1_252' title='bbox 687 2731 846 2790; x_wconf 80' lang='lat' dir='ltr'>indiscussis</span> <span class='ocrx_word' id='word_1_253' title='bbox 873 2737 904 2791; x_wconf 89' lang='lat' dir='ltr'>et</span> <span class='ocrx_word' id='word_1_254' title='bbox 931 2731 1014 2790; x_wconf 75' lang='lat' dir='ltr'>arun</span> <span class='ocrx_word' id='word_1_255' title='bbox 1034 2733 1189 2809; x_wconf 86' lang='lat' dir='ltr'>propositis</span> <span class='ocrx_word' id='word_1_256' title='bbox 1207 2732 1247 2789; x_wconf 89' lang='lat' dir='ltr'>in·</span> 
     </span>
     <span class='ocr_line' id='line_1_29' title="bbox 146 2813 1246 2895; baseline 0.004 -25"><span class='ocrx_word' id='word_1_257' title='bbox 146 2813 278 2874; x_wconf 84' lang='lat' dir='ltr'>iecerunt</span> <span class='ocrx_word' id='word_1_258' title='bbox 321 2815 423 2876; x_wconf 87' lang='lat' dir='ltr'>Nonne</span> <span class='ocrx_word' id='word_1_259' title='bbox 440 2816 492 2875; x_wconf 90' lang='lat' dir='ltr'>hoc</span> <span class='ocrx_word' id='word_1_260' title='bbox 516 2818 592 2876; x_wconf 81' lang='lat' dir='ltr'>novit</span> <span class='ocrx_word' id='word_1_261' title='bbox 610 2817 707 2876; x_wconf 90' lang='lat' dir='ltr'>mundi</span> <span class='ocrx_word' id='word_1_262' title='bbox 727 2835 792 2895; x_wconf 90' lang='lat' dir='ltr'>pars</span> <span class='ocrx_word' id='word_1_263' title='bbox 812 2819 938 2889; x_wconf 84' lang='lat' dir='ltr'>maxima,</span> <span class='ocrx_word' id='word_1_264' title='bbox 956 2814 1075 2893; x_wconf 74' lang='lat' dir='ltr'>qualiter</span> <span class='ocrx_word' id='word_1_265' title='bbox 1088 2816 1246 2892; x_wconf 82' lang='lat' dir='ltr'>qnidames</span> 
     </span>
     <span class='ocr_line' id='line_1_30' title="bbox 145 2899 1246 2980; baseline 0.001 -24"><span class='ocrx_word' id='word_1_266' title='bbox 145 2901 248 2957; x_wconf 92' lang='lat' dir='ltr'>nostris</span> <span class='ocrx_word' id='word_1_267' title='bbox 266 2901 295 2958; x_wconf 92' lang='lat' dir='ltr'>in</span> <span class='ocrx_word' id='word_1_268' title='bbox 308 2899 530 2961; x_wconf 77' lang='lat' dir='ltr'>Laomedontem</span> <span class='ocrx_word' id='word_1_269' title='bbox 553 2920 649 2978; x_wconf 77' lang='lat' dir='ltr'>regem</span> <span class='ocrx_word' id='word_1_270' title='bbox 677 2900 797 2980; x_wconf 87' lang='lat' dir='ltr'>priorem</span> <span class='ocrx_word' id='word_1_271' title='bbox 824 2903 900 2978; x_wconf 79' lang='lat' dir='ltr'>regis</span> <span class='ocrx_word' id='word_1_272' title='bbox 920 2901 1023 2960; x_wconf 84' lang='lat' dir='ltr'>Priami</span> <span class='ocrx_word' id='word_1_273' title='bbox 1041 2903 1127 2958; x_wconf 81' lang='lat' dir='ltr'>amnis</span> <span class='ocrx_word' id='word_1_274' title='bbox 1147 2901 1246 2959; x_wconf 77' lang='lat' dir='ltr'>bellicis</span> 
     </span>
     <span class='ocr_line' id='line_1_31' title="bbox 144 2985 1246 3058; baseline 0.001 -16"><span class='ocrx_word' id='word_1_275' title='bbox 144 2985 284 3044; x_wconf 86' lang='lat' dir='ltr'>irruerunt</span> <span class='ocrx_word' id='word_1_276' title='bbox 304 2991 334 3044; x_wconf 91' lang='lat' dir='ltr'>et</span> <span class='ocrx_word' id='word_1_277' title='bbox 353 2986 527 3046; x_wconf 83' lang='lat' dir='ltr'>tradiderunt</span> <span class='ocrx_word' id='word_1_278' title='bbox 548 3005 611 3046; x_wconf 92' lang='lat' dir='ltr'>eum</span> <span class='ocrx_word' id='word_1_279' title='bbox 631 2988 692 3046; x_wconf 88' lang='lat' dir='ltr'>neci</span> <span class='ocrx_word' id='word_1_280' title='bbox 710 2994 740 3044; x_wconf 87' lang='lat' dir='ltr'>et</span> <span class='ocrx_word' id='word_1_281' title='bbox 762 2987 885 3045; x_wconf 84' lang='lat' dir='ltr'>infinitos</span> <span class='ocrx_word' id='word_1_282' title='bbox 906 3005 940 3047; x_wconf 88' lang='lat' dir='ltr'>ex</span> <span class='ocrx_word' id='word_1_283' title='bbox 960 2987 1029 3058; x_wconf 79' lang='lat' dir='ltr'>sois,</span> <span class='ocrx_word' id='word_1_284' title='bbox 1048 2989 1149 3044; x_wconf 87' lang='lat' dir='ltr'>urbem</span> <span class='ocrx_word' id='word_1_285' title='bbox 1170 3001 1246 3043; x_wconf 79' lang='lat' dir='ltr'>suan</span> 
     </span>
     <span class='ocr_line' id='line_1_32' title="bbox 144 3067 1244 3150; baseline 0.004 -24"><span class='ocrx_word' id='word_1_286' title='bbox 144 3067 250 3128; x_wconf 78' lang='lat' dir='ltr'>Troiae</span> <span class='ocrx_word' id='word_1_287' title='bbox 277 3071 313 3129; x_wconf 88' lang='lat' dir='ltr'>ab</span> <span class='ocrx_word' id='word_1_288' title='bbox 339 3073 400 3150; x_wconf 91' lang='lat' dir='ltr'>ipso</span> <span class='ocrx_word' id='word_1_289' title='bbox 429 3069 623 3132; x_wconf 87' lang='lat' dir='ltr'>Laomedonta</span> <span class='ocrx_word' id='word_1_290' title='bbox 648 3090 717 3148; x_wconf 81' lang='lat' dir='ltr'>rege</span> <span class='ocrx_word' id='word_1_291' title='bbox 745 3089 903 3150; x_wconf 83' lang='lat' dir='ltr'>possessam</span> <span class='ocrx_word' id='word_1_292' title='bbox 932 3071 1057 3130; x_wconf 82' lang='lat' dir='ltr'>firndisus</span> <span class='ocrx_word' id='word_1_293' title='bbox 1080 3075 1244 3130; x_wconf 63' lang='lat' dir='ltr'>creticam.</span> 
     </span>
     <span class='ocr_line' id='line_1_33' title="bbox 142 3151 1246 3234; baseline 0 -22"><span class='ocrx_word' id='word_1_294' title='bbox 142 3151 246 3212; x_wconf 84' lang='lat' dir='ltr'>Nonne</span> <span class='ocrx_word' id='word_1_295' title='bbox 261 3155 352 3214; x_wconf 88' lang='lat' dir='ltr'>adhue</span> <span class='ocrx_word' id='word_1_296' title='bbox 372 3156 448 3234; x_wconf 89' lang='lat' dir='ltr'>apud</span> <span class='ocrx_word' id='word_1_297' title='bbox 468 3176 520 3216; x_wconf 87' lang='lat' dir='ltr'>nos</span> <span class='ocrx_word' id='word_1_298' title='bbox 542 3165 606 3216; x_wconf 89' lang='lat' dir='ltr'>sunt</span> <span class='ocrx_word' id='word_1_299' title='bbox 624 3155 708 3214; x_wconf 85' lang='lat' dir='ltr'>hodie</span> <span class='ocrx_word' id='word_1_300' title='bbox 721 3156 815 3233; x_wconf 85' lang='lat' dir='ltr'>plures</span> <span class='ocrx_word' id='word_1_301' title='bbox 833 3175 868 3216; x_wconf 87' lang='lat' dir='ltr'>ex</span> <span class='ocrx_word' id='word_1_302' title='bbox 887 3156 940 3214; x_wconf 87' lang='lat' dir='ltr'>illis</span> <span class='ocrx_word' id='word_1_303' title='bbox 958 3157 987 3214; x_wconf 91' lang='lat' dir='ltr'>in</span> <span class='ocrx_word' id='word_1_304' title='bbox 1002 3156 1135 3230; x_wconf 87' lang='lat' dir='ltr'>Graecia,</span> <span class='ocrx_word' id='word_1_305' title='bbox 1156 3155 1204 3232; x_wconf 90' lang='lat' dir='ltr'>qui</span> <span class='ocrx_word' id='word_1_306' title='bbox 1217 3157 1246 3212; x_wconf 88' lang='lat' dir='ltr'>in</span> 
     </span>
     <span class='ocr_line' id='line_1_34' title="bbox 141 3238 1243 3320; baseline 0.002 -25"><span class='ocrx_word' id='word_1_307' title='bbox 141 3238 289 3316; x_wconf 86' lang='lat' dir='ltr'>provinciis</span> <span class='ocrx_word' id='word_1_308' title='bbox 307 3242 407 3298; x_wconf 88' lang='lat' dir='ltr'>nostris</span> <span class='ocrx_word' id='word_1_309' title='bbox 429 3243 583 3316; x_wconf 86' lang='lat' dir='ltr'>anostris,</span> <span class='ocrx_word' id='word_1_310' title='bbox 603 3239 717 3300; x_wconf 87' lang='lat' dir='ltr'>addocti</span> <span class='ocrx_word' id='word_1_311' title='bbox 736 3240 859 3300; x_wconf 83' lang='lat' dir='ltr'>violento</span> <span class='ocrx_word' id='word_1_312' title='bbox 874 3242 933 3302; x_wconf 88' lang='lat' dir='ltr'>iore</span> <span class='ocrx_word' id='word_1_313' title='bbox 945 3241 1119 3320; x_wconf 88' lang='lat' dir='ltr'>praedoneo,</span> <span class='ocrx_word' id='word_1_314' title='bbox 1141 3239 1243 3299; x_wconf 76' lang='lat' dir='ltr'>deflerat</span> 
     </span>
     <span class='ocr_line' id='line_1_35' title="bbox 140 3323 1241 3405; baseline 0.001 -24"><span class='ocrx_word' id='word_1_315' title='bbox 140 3329 289 3401; x_wconf 86' lang='lat' dir='ltr'>perpetues</span> <span class='ocrx_word' id='word_1_316' title='bbox 309 3323 474 3385; x_wconf 67' lang='lat' dir='ltr'>servitutes?</span> <span class='ocrx_word' id='word_1_317' title='bbox 499 3328 575 3387; x_wconf 85' lang='lat' dir='ltr'>Sane</span> <span class='ocrx_word' id='word_1_318' title='bbox 596 3331 719 3384; x_wconf 88' lang='lat' dir='ltr'>nonest</span> <span class='ocrx_word' id='word_1_319' title='bbox 739 3325 909 3405; x_wconf 87' lang='lat' dir='ltr'>impossibile</span> <span class='ocrx_word' id='word_1_320' title='bbox 928 3345 1019 3402; x_wconf 88' lang='lat' dir='ltr'>neque</span> <span class='ocrx_word' id='word_1_321' title='bbox 1039 3323 1155 3385; x_wconf 85' lang='lat' dir='ltr'>difficile</span> <span class='ocrx_word' id='word_1_322' title='bbox 1173 3323 1241 3382; x_wconf 80' lang='lat' dir='ltr'>mile</span> 
     </span>
     <span class='ocr_line' id='line_1_36' title="bbox 139 3409 1236 3490; baseline 0 -24"><span class='ocrx_word' id='word_1_323' title='bbox 139 3409 342 3488; x_wconf 89' lang='lat' dir='ltr'>potentioribus</span> <span class='ocrx_word' id='word_1_324' title='bbox 355 3411 463 3488; x_wconf 86' lang='lat' dir='ltr'>facere,</span> <span class='ocrx_word' id='word_1_325' title='bbox 483 3413 560 3490; x_wconf 91' lang='lat' dir='ltr'>quod</span> <span class='ocrx_word' id='word_1_326' title='bbox 577 3417 697 3490; x_wconf 84' lang='lat' dir='ltr'>quatuor</span> <span class='ocrx_word' id='word_1_327' title='bbox 710 3412 800 3472; x_wconf 87' lang='lat' dir='ltr'>minus</span> <span class='ocrx_word' id='word_1_328' title='bbox 814 3417 944 3490; x_wconf 83' lang='lat' dir='ltr'>potentes</span> <span class='ocrx_word' id='word_1_329' title='bbox 958 3413 1083 3474; x_wconf 80' lang='lat' dir='ltr'>fecerum</span> <span class='ocrx_word' id='word_1_330' title='bbox 1095 3418 1147 3468; x_wconf 82' lang='lat' dir='ltr'>sat</span> <span class='ocrx_word' id='word_1_331' title='bbox 1160 3411 1236 3486; x_wconf 86' lang='lat' dir='ltr'>quin·</span> 
     </span>
     <span class='ocr_line' id='line_1_37' title="bbox 140 3495 1239 3572; baseline -0.001 -19"><span class='ocrx_word' id='word_1_332' title='bbox 140 3513 204 3570; x_wconf 91' lang='lat' dir='ltr'>que.</span> <span class='ocrx_word' id='word_1_333' title='bbox 247 3495 312 3554; x_wconf 86' lang='lat' dir='ltr'>Scio</span> <span class='ocrx_word' id='word_1_334' title='bbox 333 3496 456 3572; x_wconf 86' lang='lat' dir='ltr'>quidem,</span> <span class='ocrx_word' id='word_1_335' title='bbox 477 3515 525 3556; x_wconf 91' lang='lat' dir='ltr'>eos</span> <span class='ocrx_word' id='word_1_336' title='bbox 546 3497 634 3568; x_wconf 87' lang='lat' dir='ltr'>scire,</span> <span class='ocrx_word' id='word_1_337' title='bbox 654 3511 706 3554; x_wconf 88' lang='lat' dir='ltr'>nos</span> <span class='ocrx_word' id='word_1_338' title='bbox 727 3515 790 3556; x_wconf 88' lang='lat' dir='ltr'>esse</span> <span class='ocrx_word' id='word_1_339' title='bbox 809 3497 942 3556; x_wconf 83' lang='lat' dir='ltr'>adversus</span> <span class='ocrx_word' id='word_1_340' title='bbox 962 3515 1011 3556; x_wconf 90' lang='lat' dir='ltr'>eos</span> <span class='ocrx_word' id='word_1_341' title='bbox 1032 3495 1185 3566; x_wconf 70' lang='lat' dir='ltr'>coemto.</span> <span class='ocrx_word' id='word_1_342' title='bbox 1209 3499 1239 3552; x_wconf 89' lang='lat' dir='ltr'>ct</span> 
     </span>
     <span class='ocr_line' id='line_1_38' title="bbox 139 3577 1239 3658; baseline 0.001 -23"><span class='ocrx_word' id='word_1_343' title='bbox 139 3577 205 3638; x_wconf 90' lang='lat' dir='ltr'>ideo</span> <span class='ocrx_word' id='word_1_344' title='bbox 224 3579 309 3641; x_wconf 90' lang='lat' dir='ltr'>multa</span> <span class='ocrx_word' id='word_1_345' title='bbox 327 3581 380 3640; x_wconf 90' lang='lat' dir='ltr'>sibi</span> <span class='ocrx_word' id='word_1_346' title='bbox 400 3581 571 3642; x_wconf 90' lang='lat' dir='ltr'>mendicasse</span> <span class='ocrx_word' id='word_1_347' title='bbox 583 3579 718 3658; x_wconf 80' lang='lat' dir='ltr'>suffragia</span> <span class='ocrx_word' id='word_1_348' title='bbox 731 3587 761 3641; x_wconf 86' lang='lat' dir='ltr'>et</span> <span class='ocrx_word' id='word_1_349' title='bbox 774 3581 861 3642; x_wconf 86' lang='lat' dir='ltr'>multa</span> <span class='ocrx_word' id='word_1_350' title='bbox 872 3579 997 3640; x_wconf 88' lang='lat' dir='ltr'>subsidia</span> <span class='ocrx_word' id='word_1_351' title='bbox 1009 3580 1188 3657; x_wconf 78' lang='lat' dir='ltr'>quaesivisse,</span> <span class='ocrx_word' id='word_1_352' title='bbox 1208 3583 1239 3636; x_wconf 85' lang='lat' dir='ltr'>nt</span> 
     </span>
     <span class='ocr_line' id='line_1_39' title="bbox 137 3663 1343 3745; baseline 0.004 -25"><span class='ocrx_word' id='word_1_353' title='bbox 137 3663 269 3723; x_wconf 88' lang='lat' dir='ltr'>adversus</span> <span class='ocrx_word' id='word_1_354' title='bbox 290 3683 341 3724; x_wconf 92' lang='lat' dir='ltr'>nos</span> <span class='ocrx_word' id='word_1_355' title='bbox 362 3673 491 3745; x_wconf 88' lang='lat' dir='ltr'>potenter</span> <span class='ocrx_word' id='word_1_356' title='bbox 511 3667 647 3726; x_wconf 87' lang='lat' dir='ltr'>obsistant</span> <span class='ocrx_word' id='word_1_357' title='bbox 666 3674 696 3726; x_wconf 87' lang='lat' dir='ltr'>et</span> <span class='ocrx_word' id='word_1_358' title='bbox 722 3685 754 3727; x_wconf 90' lang='lat' dir='ltr'>se</span> <span class='ocrx_word' id='word_1_359' title='bbox 777 3671 874 3726; x_wconf 76' lang='lat' dir='ltr'>oontm</span> <span class='ocrx_word' id='word_1_360' title='bbox 893 3685 946 3724; x_wconf 89' lang='lat' dir='ltr'>uos</span> <span class='ocrx_word' id='word_1_361' title='bbox 970 3665 1086 3726; x_wconf 77' lang='lat' dir='ltr'>riribter</span> <span class='ocrx_word' id='word_1_362' title='bbox 1106 3669 1241 3724; x_wconf 81' lang='lat' dir='ltr'>locontur.</span> <span class='ocrx_word' id='word_1_363' title='bbox 1342 3687 1343 3690; x_wconf 44' lang='lat'>¹</span> 
     </span>
     <span class='ocr_line' id='line_1_40' title="bbox 138 3747 1241 3832; baseline 0.001 -25"><span class='ocrx_word' id='word_1_364' title='bbox 138 3747 234 3816; x_wconf 83' lang='lat' dir='ltr'>Quare</span> <span class='ocrx_word' id='word_1_365' title='bbox 249 3749 315 3809; x_wconf 90' lang='lat' dir='ltr'>mibi</span> <span class='ocrx_word' id='word_1_366' title='bbox 330 3751 439 3810; x_wconf 86' lang='lat' dir='ltr'>videtur</span> <span class='ocrx_word' id='word_1_367' title='bbox 452 3759 604 3832; x_wconf 86' lang='lat' dir='ltr'>acceptum,</span> <span class='ocrx_word' id='word_1_368' title='bbox 625 3751 649 3810; x_wconf 90' lang='lat' dir='ltr'>si</span> <span class='ocrx_word' id='word_1_369' title='bbox 665 3751 718 3810; x_wconf 89' lang='lat' dir='ltr'>boc</span> <span class='ocrx_word' id='word_1_370' title='bbox 734 3751 813 3810; x_wconf 84' lang='lat' dir='ltr'>vobis</span> <span class='ocrx_word' id='word_1_371' title='bbox 826 3751 909 3811; x_wconf 87' lang='lat' dir='ltr'>cedat</span> <span class='ocrx_word' id='word_1_372' title='bbox 927 3751 966 3811; x_wconf 88' lang='lat' dir='ltr'>sd</span> <span class='ocrx_word' id='word_1_373' title='bbox 984 3755 1106 3828; x_wconf 64' lang='lat' dir='ltr'>mlum,</span> <span class='ocrx_word' id='word_1_374' title='bbox 1125 3757 1168 3824; x_wconf 88' lang='lat' dir='ltr'>nt,</span> <span class='ocrx_word' id='word_1_375' title='bbox 1188 3767 1241 3808; x_wconf 87' lang='lat' dir='ltr'>sn·</span> 
     </span>
     <span class='ocr_line' id='line_1_41' title="bbox 136 3833 1241 3915; baseline 0.003 -25"><span class='ocrx_word' id='word_1_376' title='bbox 136 3839 250 3909; x_wconf 86' lang='lat' dir='ltr'>tequam</span> <span class='ocrx_word' id='word_1_377' title='bbox 272 3834 383 3894; x_wconf 86' lang='lat' dir='ltr'>abhoc</span> <span class='ocrx_word' id='word_1_378' title='bbox 407 3843 492 3915; x_wconf 91' lang='lat' dir='ltr'>portu</span> <span class='ocrx_word' id='word_1_379' title='bbox 520 3836 664 3897; x_wconf 83' lang='lat' dir='ltr'>salubriter</span> <span class='ocrx_word' id='word_1_380' title='bbox 684 3835 825 3895; x_wconf 87' lang='lat' dir='ltr'>dissolutis</span> <span class='ocrx_word' id='word_1_381' title='bbox 845 3835 970 3894; x_wconf 83' lang='lat' dir='ltr'>ancboris</span> <span class='ocrx_word' id='word_1_382' title='bbox 991 3835 1184 3909; x_wconf 72' lang='lat' dir='ltr'>dbcedmos,</span> <span class='ocrx_word' id='word_1_383' title='bbox 1204 3833 1241 3893; x_wconf 86' lang='lat' dir='ltr'>od</span> 
     </span>
     <span class='ocr_line' id='line_1_42' title="bbox 136 3915 1342 4001; baseline 0.003 -26"><span class='ocrx_word' id='word_1_384' title='bbox 136 3915 258 3995; x_wconf 84' lang='lat' dir='ltr'>Delphos</span> <span class='ocrx_word' id='word_1_385' title='bbox 276 3920 313 3977; x_wconf 91' lang='lat' dir='ltr'>ad</span> <span class='ocrx_word' id='word_1_386' title='bbox 326 3917 418 3979; x_wconf 87' lang='lat' dir='ltr'>Deum</span> <span class='ocrx_word' id='word_1_387' title='bbox 430 3921 588 4000; x_wconf 73' lang='lat' dir='ltr'>Apollinem</span> <span class='ocrx_word' id='word_1_388' title='bbox 600 3923 733 4001; x_wconf 77' lang='lat' dir='ltr'>speciales</span> <span class='ocrx_word' id='word_1_389' title='bbox 747 3921 866 3980; x_wconf 79' lang='lat' dir='ltr'>devotos</span> <span class='ocrx_word' id='word_1_390' title='bbox 884 3926 993 3978; x_wconf 80' lang='lat' dir='ltr'>nostem</span> <span class='ocrx_word' id='word_1_391' title='bbox 1004 3921 1118 3979; x_wconf 88' lang='lat' dir='ltr'>nuntios</span> <span class='ocrx_word' id='word_1_392' title='bbox 1137 3921 1241 3995; x_wconf 78' lang='lat' dir='ltr'>diriga-</span> <span class='ocrx_word' id='word_1_393' title='bbox 1341 3951 1342 3954; x_wconf 35' lang='lat'>¹</span> 
     </span>
     <span class='ocr_line' id='line_1_43' title="bbox 134 4005 1239 4086; baseline -0.001 -23"><span class='ocrx_word' id='word_1_394' title='bbox 134 4017 206 4072; x_wconf 80' lang='lat' dir='ltr'>mus,</span> <span class='ocrx_word' id='word_1_395' title='bbox 227 4011 386 4082; x_wconf 85' lang='lat' dir='ltr'>recepturos</span> <span class='ocrx_word' id='word_1_396' title='bbox 407 4023 426 4064; x_wconf 84' lang='lat' dir='ltr'>s</span> <span class='ocrx_word' id='word_1_397' title='bbox 445 4005 508 4066; x_wconf 87' lang='lat' dir='ltr'>Deo</span> <span class='ocrx_word' id='word_1_398' title='bbox 527 4008 590 4086; x_wconf 88' lang='lat' dir='ltr'>ipso</span> <span class='ocrx_word' id='word_1_399' title='bbox 611 4011 640 4065; x_wconf 87' lang='lat' dir='ltr'>at</span> <span class='ocrx_word' id='word_1_400' title='bbox 659 4007 696 4066; x_wconf 91' lang='lat' dir='ltr'>ab</span> <span class='ocrx_word' id='word_1_401' title='bbox 722 4005 782 4065; x_wconf 89' lang='lat' dir='ltr'>aliis</span> <span class='ocrx_word' id='word_1_402' title='bbox 800 4006 861 4065; x_wconf 84' lang='lat' dir='ltr'>Diis</span> <span class='ocrx_word' id='word_1_403' title='bbox 879 4007 981 4064; x_wconf 85' lang='lat' dir='ltr'>nostris</span> <span class='ocrx_word' id='word_1_404' title='bbox 1001 4013 1079 4064; x_wconf 87' lang='lat' dir='ltr'>certa</span> <span class='ocrx_word' id='word_1_405' title='bbox 1095 4021 1239 4082; x_wconf 82' lang='lat' dir='ltr'>responsa,</span> 
     </span>
     <span class='ocr_line' id='line_1_44' title="bbox 134 4083 1239 4166; baseline 0.008 -27"><span class='ocrx_word' id='word_1_406' title='bbox 134 4083 201 4156; x_wconf 86' lang='lat' dir='ltr'>qaid</span> <span class='ocrx_word' id='word_1_407' title='bbox 224 4102 276 4144; x_wconf 88' lang='lat' dir='ltr'>nos</span> <span class='ocrx_word' id='word_1_408' title='bbox 299 4087 337 4147; x_wconf 88' lang='lat' dir='ltr'>de</span> <span class='ocrx_word' id='word_1_409' title='bbox 355 4095 447 4149; x_wconf 89' lang='lat' dir='ltr'>cetero</span> <span class='ocrx_word' id='word_1_410' title='bbox 465 4091 558 4152; x_wconf 82' lang='lat' dir='ltr'>iacere</span> <span class='ocrx_word' id='word_1_411' title='bbox 571 4093 669 4152; x_wconf 83' lang='lat' dir='ltr'>deceat</span> <span class='ocrx_word' id='word_1_412' title='bbox 686 4097 715 4151; x_wconf 87' lang='lat' dir='ltr'>at</span> <span class='ocrx_word' id='word_1_413' title='bbox 730 4089 811 4150; x_wconf 87' lang='lat' dir='ltr'>liceat</span> <span class='ocrx_word' id='word_1_414' title='bbox 827 4091 864 4151; x_wconf 88' lang='lat' dir='ltr'>de</span> <span class='ocrx_word' id='word_1_415' title='bbox 878 4090 930 4162; x_wconf 88' lang='lat' dir='ltr'>bis,</span> <span class='ocrx_word' id='word_1_416' title='bbox 949 4107 1022 4166; x_wconf 85' lang='lat' dir='ltr'>quae</span> <span class='ocrx_word' id='word_1_417' title='bbox 1033 4107 1130 4148; x_wconf 85' lang='lat' dir='ltr'>snmus</span> <span class='ocrx_word' id='word_1_418' title='bbox 1142 4089 1185 4148; x_wconf 87' lang='lat' dir='ltr'>cis</span> <span class='ocrx_word' id='word_1_419' title='bbox 1197 4088 1239 4148; x_wconf 76' lang='lat' dir='ltr'>s·-</span> 
     </span>
     <span class='ocr_line' id='line_1_45' title="bbox 132 4167 452 4245; baseline 0.034 -25"><span class='ocrx_word' id='word_1_420' title='bbox 132 4167 452 4245; x_wconf 78' lang='lat' dir='ltr'>rentibnsaggressori.”</span> 
     </span>
    </p>
   </div>
   <div class='ocr_carea' id='block_1_3' title="bbox 215 4250 1341 4641">
    <p class='ocr_par' dir='ltr' id='par_1_3' title="bbox 215 4250 1341 4641">
     <span class='ocr_line' id='line_1_46' title="bbox 215 4250 1341 4641; baseline 0.01 -334"><span class='ocrx_word' id='word_1_421' title='bbox 215 4250 442 4332; x_wconf 58' lang='lat' dir='ltr'>acuamus)</span> <span class='ocrx_word' id='word_1_422' title='bbox 462 4257 938 4338; x_wconf 69' lang='lat' dir='ltr'>sg.a0osp1.c.sseuquupt</span> <span class='ocrx_word' id='word_1_423' title='bbox 961 4256 1125 4320; x_wconf 70' lang='lat' dir='ltr'>sutem</span> <span class='ocrx_word' id='word_1_424' title='bbox 1335 4289 1341 4641; x_wconf 61' lang='lat'>1</span> 
     </span>
    </p>
   </div>
   <div class='ocr_carea' id='block_1_4' title="bbox 0 0 1366 4680">
    <p class='ocr_par' dir='ltr' id='par_1_4' title="bbox 0 0 1366 4680">
     <span class='ocr_line' id='line_1_47' title="bbox 0 0 1366 4680; baseline 0 10"><span class='ocrx_word' id='word_1_425' title='bbox 0 0 1366 4680; x_wconf 95' lang='lat' dir='ltr'> </span> 
     </span>
    </p>
   </div>
  </div>
 </body>
</html>
