2698 4688
492 379 720 434 masmim.
1076 381 1145 438 m

137 565 224 632 xlv.
264 565 313 630 tn
336 567 409 632 setis
440 567 503 632 iam
529 579 647 632 cenum
674 578 707 632 et
733 567 851 632 clerum
876 579 972 654 puto,
1011 569 1144 632 Graecos

61 665 216 748 scripura
235 687 297 730 nnn
317 665 412 730 alium
431 665 574 732 habuisse
590 679 622 730 et
640 667 779 730 laudasse
796 669 932 754 Dictyn,
953 689 1045 752 quern
1061 667 1145 732 hunc

62 766 174 848 ἔμω,
192 787 287 850 quem
306 767 471 850 Septimius
492 769 604 830 Latino
624 770 766 851 expressit
785 789 934 832 sermone.
979 767 1143 832 luderem

61 868 202 950 seqnitur,
224 887 333 930 rerum
354 889 428 950 ergo
446 889 511 930 esse
534 867 616 930 hand
640 866 751 946 dubie,
772 867 856 952 quod
876 868 1038 950 Septimius
1059 867 1141 932 ultro

61 965 231 1048 profitetur,
262 986 295 1028 ss
321 967 437 1028 libellos
464 965 577 1045 hosce,
608 967 735 1028 Graeca
762 969 894 1029 οιπεὶοηε
919 967 1064 1048 scriptos,
1097 968 1144 1030 nti

61 1077 159 1143 nst,
177 1064 286 1126 lenire
303 1063 487 1132 diuendsse.
529 1065 610 1127 Nam
629 1085 707 1147 quse
726 1065 850 1126 tandem
869 1076 914 1127 est
934 1066 1013 1128 ratio
1034 1063 1067 1128 id
1086 1085 1142 1128 ne·

60 1162 166 1243 quod,
185 1173 241 1226 aot
261 1165 292 1226 in
317 1161 447 1226 dubium
468 1164 597 1226 vocandi
618 1163 709 1226 iidem
737 1161 912 1246 Epistulae,
943 1155 1048 1247 quam'
1067 1163 1141 1228 huic

60 1261 197 1342 spuendo
231 1263 388 1344 proemisit
416 1265 566 1346 interpres
601 1261 655 1324 ille
680 1262 864 1344 Septimius,
912 1281 1009 1346 quum
1028 1263 1135 1346 utique
1158 1249 1160 1252 ⁵

61 1362 196 1424 enituit
214 1383 322 1426 revera
349 1373 418 1446 post
436 1371 573 1446 temporo
599 1361 725 1424 Neronis
745 1363 878 1424 Graecus
905 1363 1034 1445 scriptor
1054 1361 1140 1425 istius

62 1463 199 1541 uminis,
225 1482 246 1524 a
268 1463 392 1526 Graecis
412 1459 632 1545 posterioribus
654 1481 743 1544 saepe
762 1459 921 1540 laudatus3
948 1467 1044 1546 quum
1063 1482 1139 1524 coo·

62 1561 155 1624 mist
172 1559 282 1626 titulus
302 1563 410 1624 Graeci
426 1563 591 1644 Latinique
610 1559 702 1624 huius
720 1563 840 1644 operis,
860 1581 955 1644 quum
970 1573 1140 1644 congruant

61 1659 203 1743 utrinqne
222 1681 273 1724 res
296 1662 379 1743 ipsse
398 1661 430 1724 in
453 1661 579 1724 eundem
600 1659 690 1744 plsoe
713 1664 913 1738 sententium
934 1681 1029 1745 quum
1051 1661 1139 1724 deni·

62 1777 115 1838 qne
133 1758 238 1822 sedan
264 1760 405 1824 tradetur
430 1761 550 1824 inventi
569 1761 670 1844 operis
693 1759 841 1822 historias
869 1781 948 1842 quae
967 1781 1039 1843 ergo
1060 1765 1138 1824 retio

62 1865 120 1936 est,
136 1859 285 1941 inquam,
306 1860 377 1922 satis
396 1858 526 1938 idonea,
546 1881 641 1942 quare
657 1879 765 1935 secus,
786 1879 878 1942 quam
899 1879 946 1920 res
971 1860 1035 1943 ipse
1055 1853 1138 1925 uino

62 1952 160 2020 damst
178 1967 210 2019 et
226 1957 390 2042 Septimius
410 1959 474 2042 ipse
494 1957 593 2042 pelam
613 1959 653 2021 de
671 1959 847 2036 refutetur,
868 1979 1053 2037 censeamus,
1076 1960 1139 2028 La,
1210 1987 1223 2008 ο

60 2055 149 2118 tinum
176 2055 239 2118 lroc
262 2055 443 2140 opusculum
468 2079 530 2120 non
555 2079 619 2120 esse
637 2079 671 2122 ex
701 2059 817 2120 Graeco
840 2059 984 2120 versum?
1020 2055 1064 2120 lte
1089 2069 1138 2120 ts-

61 2173 124 2218 uten
142 2155 268 2220 Vossius
287 2161 320 2218 in
337 2157 413 2220 nist
421 2157 513 2220 Lat:
538 2159 579 2242 Q.
595 2157 755 2244 Septrinius
773 2159 924 2220 Ronsaruu
939 2157 1050 2218 Latine
1063 2179 1139 2220 css·
1160 2243 1166 2250 Ι

61 2271 143 2316 rma
160 2257 285 2318 mbr
301 2255 417 2336 Dictru
437 2255 601 2318 astensem
619 2255 658 2318 de
683 2255 758 2318 bello
785 2257 939 2333 Troum,
961 2255 1032 2334 sed,
1054 2257 1138 2338 qrds·

61 2351 120 2434 φά
135 2368 237 2416 cruor
256 2367 301 2416 est
317 2357 379 2416 erin
395 2354 508 2439 operis,
530 2354 639 2416 Latine
657 2375 718 2416 non
744 2354 859 2416 Gmece
882 2356 1011 2438 scripsit,
1036 2355 1137 2414 Grae-

60 2468 103 2508 urs
121 2464 217 2513 maen
235 2466 370 2514 mictom
389 2473 458 2514 cum
481 2453 593 2516 iudicio
618 2454 712 2536 legit,
736 2467 824 2538 atqroe
843 2474 886 2514 ex
910 2441 952 2514 iis'
964 2454 1133 2536 excerpsit,

62 2569 131 2630 qm
153 2551 280 2614 resim&
305 2565 500 2614 ooruentanea
522 2549 708 2615 uiderentur.
757 2550 834 2613 Vult
861 2572 952 2634 ergo,
982 2571 1059 2633 opus
1077 2551 1136 2612 hoc

62 2645 204 2728 Septimii,
233 2649 285 2714 rel
306 2653 481 2736 quicunque
512 2653 577 2712 eius
596 2662 719 2728 auctor,
752 2672 814 2712 nou
842 2651 956 2711 Graece
977 2652 1144 2732 primitus,-

62 2745 112 2806 sed
136 2748 237 2812 tinne
264 2760 386 2812 tantum
410 2754 555 2834 scripturn
583 2771 647 2814 csse
673 2761 704 2812 et
733 2750 943 2830 compositum.
986 2751 1142 2816 Disertior,

63 2845 147 2908 etism
170 2849 324 2914 lleroerus
353 2854 386 2912 in
406 2851 479 2914 Not.
501 2851 541 2914 ad
561 2851 705 2933 Prolog.s
727 2850 773 2912 Et
793 2849 887 2910 multa
912 2845 1028 2910 odera
1047 2860 1136 2922 sunt,

63 2941 157 3010 huius
177 2953 328 3036 scripsisse
349 2965 494 3030 mmor,
520 2973 580 3014 nnn
599 2973 651 3020 ex,
669 2951 786 3012 Graeco
806 2949 950 3028 uertisse,
981 2962 1010 3014 et
1023 2949 1134 3010 bahem

63 3063 83 3101 u
104 3046 223 3110 Groea's
247 3047 307 3128 τὴν
332 3043 436 3132 ὅλην,
463 3071 486 3114 a
508 3051 626 3112 mines
661 3050 768 3112 multus
790 3048 935 3111 dr'ctiones
957 3067 1131 3132 expressos,

61 3149 204 3231 firmitur
217 3172 240 3212 a
257 3149 411 3217 deuub.
452 3149 571 3213 Vellem
583 3151 699 3214 indicia
712 3149 787 3212 haec
807 3146 979 3232 protulisset
997 3159 1027 3210 et
1046 3146 1137 3218 nobis¹

65 3251 437 3318 marnensium.
468 3251 547 3318 Num
573 3252 657 3334 quod
684 3250 808 3333 phrases
836 3249 948 3312 multas
974 3249 1137 3332 sumpserit

66 3363 95 3404 ex
115 3347 225 3413 latinis
245 3361 278 3414 et
298 3349 429 3414 classicis
449 3351 644 3430 auctoribus,
666 3371 701 3412 ac
721 3353 910 3434 potissimum
931 3370 966 3410 ex
980 3347 1135 3421 Sallustio,

66 3443 137 3523 ὠ,
157 3447 295 3530 obsecro,
314 3455 346 3512 in
368 3471 404 3514 eo
423 3453 502 3517 inest
522 3451 561 3514 ab
575 3453 746 3534 interpretis
757 3453 874 3512 ratione
894 3449 969 3538 adeo
989 3446 1133 3522 alienum,

67 3563 145 3624 wrm
165 3551 272 3633 utique
292 3552 401 3614 Latina
421 3553 568 3630 oratione,
590 3563 620 3613 et
639 3551 763 3614 liberius
785 3551 929 3633 quidem,
952 3559 987 3610 ut
999 3547 1136 3610 solebant

68 3649 127 3706 lure
144 3649 342 3732 interpretes,
371 3653 479 3714 Graeci
498 3651 651 3734 scriptoris
671 3652 848 3734 expresserit
867 3649 1047 3712 historiam?
1077 3645 1137 3708 Ne-

69 3763 116 3822 qne
131 3749 208 3810 ssim
229 3751 364 3833 posnrlrt
383 3754 544 3836 quisquam
566 3772 691 3828 eorum,
721 3752 774 3834 qui
801 3771 837 3812 ex
860 3751 977 3810 Graeco
996 3758 1138 3821 nostrmn

69 3837 130 3904 5²oe
149 3851 272 3911 vertisse
297 3861 441 3931 oensem,
470 3863 506 3913 nt
534 3852 662 3914 verbum
683 3849 778 3911 verbo
798 3869 916 3930 semper
935 3849 1024 3910 anxis
1047 3845 1137 3909 nimis

70 3951 94 3998 U
109 3943 226 4010 obscura
246 3947 339 4030 plane
363 3949 518 4032 diligentia
538 3949 702 4012 reddidisse
725 3947 875 4012 credetur.
1135 4001 1141 4012 .

136 4045 203 4108 XV.
246 4049 287 4112 lit
307 4062 408 4112 tamen
430 4051 505 4112 adeo
528 4049 607 4112 fidus
627 4050 685 4112 fuit
704 4069 791 4132 saepe
810 4051 970 4128 interpres,
992 4054 1028 4106 ut
1046 4043 1155 4110 etism'

69 4145 219 4218 munis
246 4151 311 4210 eins
336 4149 430 4210 dictio
457 4149 608 4222 abundet,
625 4155 666 4211 'et
688 4148 782 4209 verbu
805 4168 840 4209 nc
861 4145 984 4228 phrases
1005 4145 1137 4206 Graecus

70 4237 180 4304 fllblssdt
198 4246 308 4310 latino
328 4269 465 4312 sumone
484 4267 636 4330 expressus
656 4249 824 4310 retinuerit.
869 4243 1049 4324 speciminis
1064 4241 1131 4312 loco

105 4369 220 4412 ΒΙΕΠΙ.
884 4361 902 4404 θ
