2860 4688
267 356 336 428 188
652 367 770 422 niorto
796 373 972 425 amussis

262 591 353 646 suae
374 587 516 668 poenas
538 567 617 642 luit.
668 563 774 640 Haec
799 573 922 640 omnia
948 575 987 642 in
1010 569 1172 668 gretiam
1190 560 1347 640 Helenae

263 701 380 784 gesta,
405 686 548 759 scilieet
576 685 657 758 eius
682 684 868 767 mulieris,
902 709 1012 784 quam
1038 707 1084 756 ne
1111 681 1253 756 Graeci
1277 687 1358 786 qui,

262 800 347 878 dent
384 805 549 900 recipere
581 802 755 900 gestiunt.
806 796 1025 874 Retineatur
1055 802 1175 898 igitur
1207 803 1248 872 in
1273 803 1348 871 cici·

266 933 340 992 tate
357 941 403 990 ea
414 918 601 1016 foemina,
629 913 678 988 ob
701 939 810 1017 quam
836 914 938 988 nulla
962 938 1064 1014 gens,
1091 914 1346 1022 nulli‘usquam

259 1032 392 1132 populi
426 1036 557 1116 amici,
580 1047 645 1106 aut
670 1056 744 1104 non
769 1031 901 1130 infesti
925 1032 1012 1104 huie
1042 1055 1169 1130 regno.
1220 1031 1348 1104 Nonne

262 1163 394 1248 sponte
407 1147 608 1248 supptices,
633 1163 674 1224 ut
692 1152 872 1246 recipiant
896 1172 985 1237 eam,
1009 1133 1259 1248 rogabimus?
1282 1171 1347 1221 non

261 1268 363 1342 omni
393 1251 503 1340 moto
546 1263 822 1366 satisfaciemus
855 1265 967 1358 laesis
1009 1268 1083 1336 iam
1116 1269 1252 1338 totiens
1289 1287 1348 1362 per

262 1381 357 1456 nos?
396 1405 471 1456 non
497 1385 537 1453 in
557 1381 739 1481 futurum
763 1379 891 1454 saitem
916 1378 1241 1454 reconcilmbimus
1266 1381 1346 1452 tales

261 1497 392 1572 viros?
441 1496 526 1597 Ego
559 1495 711 1599 quidem
744 1494 853 1570 abibo
885 1496 973 1570 ltine
1006 1501 1081 1570 inm
1106 1511 1142 1570 et
1166 1493 1346 1570 discedam

264 1611 434 1711 longius,
461 1638 579 1716 neque
603 1618 838 1696 committam,
862 1631 902 1686 ut
926 1613 1080 1686 ulterius
1100 1615 1267 1684 intersim
1284 1633 1348 1682 ma·

265 1729 314 1803 lis
338 1733 490 1804 nostris.
542 1731 631 1804 Fuit
657 1747 814 1828 tempus,
841 1754 914 1830 quo
940 1751 1087 1804 innitere
1112 1733 1150 1800 in
1178 1730 1253 1802 irae
1273 1729 1346 1802 eiri-

265 1859 341 1920 tote
365 1843 565 1920 iucundum
585 1861 685 1934 erot,·
711 1848 815 1930 socii,
840 1849 962 1928 amici,
988 1849 1282 1946 propinquorum
1298 1867 1346 1917 so-

264 1959 334 2048 tus,
367 1965 495 2060 patria
530 1959 690 2062 deniqne
724 1959 918 2036 incolumis
948 1965 1132 2038 attinuere
1174 1965 1216 2034 in
1259 1962 1346 2034 huin

267 2075 376 2154 dmm.
430 2075 570 2150 Contra
600 2099 699 2150 nunc
729 2075 822 2178 quial
858 2073 1093 2162 horum'non
1114 2079 1342 2162 imminutum,

265 2209 333 2268 aut
365 2198 405 2268 in
434 2207 551 2268 totum
580 2189 766 2268 sublatum
789 2189 897 2266 nohis
922 2194 1003 2270 esti
1038 2191 1131 2268 Non
1142 2191 1276 2294 feram
1299 2211 1346 2262 me

266 2334 350 2386 cum
375 2311 436 2386 his
457 2314 620 2397 morari,
646 2333 804 2413 quorum
826 2332 942 2412 opera
966 2325 1098 2400 cunata
1122 2333 1205 2384 cum
1230 2312 1345 2410 patna

267 2425 472 2508 concidere.
523 2427 574 2502 Et
598 2451 663 2502 eos
686 2423 851 2530 quidem,
886 2451 979 2525 quos
1011 2431 1050 2500 in
1082 2425 1176 2502 bello
1190 2426 1344 2526 fortuna

266 2548 422 2646 eripuit,
458 2558 641 2646 uteunque
675 2546 750 2616 iam
785 2543 1035 2643 sepelivimus,
1074 2540 1346 2617 concedentibus

264 2661 366 2740 ultro
388 2663 540 2735 ueniam
565 2655 753 2734 hostibust
777 2657 846 2736 sed
864 2674 1061 2764 postquam
1085 2657 1245 2734 deorum
1268 2679 1345 2732 orae

266 2794 379 2880 atque
403 2773 562 2850 delubra
586 2778 771 2876 sanguine
796 2775 956 2850 humano
977 2800 1048 2876 per
1070 2773 1191 2852 scelus
1216 2773 1346 2874 infecto

267 2907 365 2976 sum,
394 2891 467 2964 hoc
490 2894 604 2966 etiam
622 2895 829 2988 omisimus:
856 2893 991 2992 quippe
1009 2894 1093 2992 quis
1111 2893 1258 2966 maiora
1273 2911 1346 2986 star

262 3006 381 3106 plicia
410 3022 498 3104 post
531 3015 685 3080 inertem
721 3006 1018 3096 carissimorum,
1055 3031 1167 3108 quam
1201 3007 1243 3079 in
1276 3005 1346 3103 ipsa

268 3125 469 3200 amissione
486 3117 680 3201 subeundo
702 3137 798 3198 sunt.
852 3121 958 3226 Quae
981 3143 1027 3198 ne
1050 3119 1235 3209 occidant,
1262 3137 1346 3196 nunc

271 3339 565 3358 m

265 3462 444 3516 Antimachus
460 3470 526 3516 emt.
563 3463 611 3517 Ed.
632 3465 699 3522 Oba.
717 3481 772 3518 om.
790 3467 830 3522 in.
866 3463 901 3514 At
924 3477 989 3520 vcro
1014 3461 1191 3516 Antimachus
1216 3477 1272 3516 aon
1298 3461 1348 3511 ent

265 3540 361 3586 auctor
378 3534 484 3588 Priamo
503 3535 619 3607 eiusque
637 3537 723 3600 filiis,
741 3535 789 3588 sed
807 3534 958 3588 Priamidae
979 3535 1149 3588 Antimacho.
1176 3553 1202 3586 r.
1225 3533 1300 3584 Olus.
1318 3525 1347 3576 sd

265 3605 290 3658 1.
312 3620 363 3688 ιι.ι
387 3605 460 3657 inira
479 3605 560 3658 Besa.
581 3607 675 3689 ‹tt-Ed.
693 3607 778 3692 {hine
796 3608 829 3658 in
849 3608 951 3672 gretia.
987 3603 1065 3658 Libri
1084 3607 1138 3660 mei
1157 3605 1232 3658 nielli
1242 3613 1348 3675 testatum⁸

263 3673 457 3837 'wlllil'e'l‘sss
473 3692 540 3798 ull.
550 3677 777 3829 'laulllpll'clll
791 3693 1026 3800 iiiiim'mau
1043 3753 1092 3800 am
1105 3747 1169 3818 squ·
1193 3742 1279 3798 torma
1297 3736 1348 3792 sn.

267 3815 499 3958 lntuzgnlsaec'tgz
510 3818 902 3950 eullu-¹:(llllrlllllullliocliois
921 3889 1026 3940 enimus
1043 3883 1258 3954 estWopkeusii
1277 3875 1347 3949 p-SS·

266 3955 360 4010 dolero
377 3975 428 4014 me.
462 3958 520 4014 set
538 3975 562 4009 v.
581 3959 670 4014 Gloss.
708 3960 739 4010 ln
761 3974 839 4029 seqq.
857 3963 921 4026 post
941 3970 1044 4010 cuncta
1069 3955 1105 4006 ab
1124 3957 1174 4008 Ed.
1194 3953 1260 4008 Oba.
1284 3953 1348 4003 recu

211 4067 215 4076 .
265 4025 345 4082 chent
361 4029 457 4082 vocula
474 4028 544 4084 milti
553 4067 561 4094 ‚
576 4033 606 4082 in
623 4037 686 4084 cett.
706 4027 774 4082 Ede.
793 4037 823 4082 et
841 4027 921 4082 libris
939 4028 1007 4080 mci·
1021 4027 1166 4078 inculcata.

335 4097 437 4171 quippe
474 4101 535 4168 uis)
572 4100 623 4154 Ed.
648 4103 730 4156 Mera.
758 4109 787 4153 et
805 4100 870 4154 Obr.
899 4098 1008 4170 quibus.
1050 4095 1126 4148 hihri
1152 4096 1206 4146 mci
1233 4091 1348 4161 ignorant

265 4183 322 4250 seq·
341 4169 412 4241 ipsa·
446 4119 567 4240 illosque
584 4169 613 4222 S.
630 4173 702 4236 Gall.
723 4180 751 4224 ct
770 4169 821 4231 Et.
842 4169 930 4224 Ptine.
948 4168 1015 4224 aliie
1035 4166 1193 4222 huiusmodi
1204 4203 1213 4232 ,
1232 4179 1286 4216 oon
1303 4157 1346 4210 lm·

266 4255 342 4294 uum·
361 4241 398 4296 ol·
416 4239 468 4296 Ed.
484 4241 571 4298 Ptine.
592 4258 645 4296 om.
663 4260 721 4316 seq·
742 4255 791 4298 est.
