2860 4688
235 351 306 428 16⁰
609 319 732 426 ¹risoris
756 374 936 428 cumeum

230 581 407 660 diuntur.
457 585 590 689 Neque
613 585 763 688 segnius
786 611 809 661 a
834 587 1041 664 Memnone
1065 605 1206 674 actum,
1231 615 1321 666 cuns

230 727 311 804 quo
326 702 485 776 Troiani
503 729 642 777 omnes.
694 708 751 778 Ita
772 702 866 778 hinc
886 722 1005 808 atque
1025 701 1117 779 inde
1141 701 1319 782 ordinato

230 819 402 894 exercitu
422 819 612 922 proelium
634 819 787 894 initum.
826 820 992 896 Plurimi
1010 822 1215 924 utriusque
1234 851 1319 928 par-

232 933 290 1048 tis,
312 952 358 1008 ut
382 934 425 1008 in
445 934 512 1008 tali
539 937 759 1026 certamine,
784 934 940 1027 cadunt,
966 955 1036 1013 aut
1062 938 1129 1014 icti
1154 939 1319 1041 graviter

230 1051 378 1154 proelio
403 1049 605 1126 decedunt.
656 1053 703 1126 in
728 1079 807 1155 quo
826 1053 929 1128 bello
946 1053 1175 1132 Antilochus
1190 1057 1319 1130 Nesto-

232 1167 286 1240 ris
309 1165 444 1241 obvius
480 1166 580 1244 sorte
615 1169 815 1244 Memnoni
851 1169 1094 1246 interficitur.
1150 1173 1318 1274 Moxque

233 1281 341 1370 Aiax,
367 1281 436 1356 ubi
459 1300 609 1386 tempus
626 1285 749 1358 visum
766 1302 830 1374 est,
857 1285 960 1361 inter
972 1304 1181 1390 utramque
1198 1287 1319 1362 aciem

230 1423 462 1502 progressus,
494 1399 639 1474 lacessit
670 1425 814 1502 regem,
847 1399 1045 1506 praedicto
1076 1403 1186 1506 prius
1214 1401 1317 1478 Ulixi

229 1532 270 1588 et
294 1513 515 1606 Idomeneo,
553 1517 602 1590 ab
626 1517 759 1592 ceteris
785 1517 845 1593 uti
869 1542 908 1591 se
933 1514 1195 1593 defenderent
1244 1518 1317 1620 lgi-

157 1657 160 1664 ’
226 1647 297 1706 tur
321 1632 506 1706 Memnon
532 1631 601 1706 ubi
627 1629 739 1706 adse
765 1631 872 1708 tendi
897 1630 1016 1724 videt,
1042 1660 1165 1709 curru
1190 1632 1318 1710 desilit

228 1745 481 1850 confligitque
515 1746 628 1851 pedes
661 1775 752 1822 cum
783 1749 916 1834 Aiace,
950 1775 1089 1853 magno
1113 1748 1319 1852 utriusque

227 1864 351 1968 partis
375 1883 484 1940 metu
508 1883 626 1966 atque
651 1866 947 1970 exspectatione:
974 1891 1066 1944 cum
1090 1863 1171 1940 dux
1189 1883 1320 1942 noster

230 2003 381 2055 summa
415 1980 452 2054 vi
480 1980 690 2055 umbonem
714 1982 810 2056 scuti
837 1983 936 2074 eius,
971 1982 1048 2058 telo
1074 1982 1120 2058 in·
1141 1981 1319 2084 aliquan·

226 2112 314 2172 tum
353 2095 545 2181 foratum,
578 2097 701 2200 gravis
741 2117 858 2203 atque
888 2098 1047 2176 summis
1078 2097 1226 2176 viribus
1258 2097 1321 2176 in·

299 2417 495 2490 egrediuntur)
531 2419 605 2472 Crat
630 2435 752 2491 pugnam
787 2417 1001 2490 aggrediuntur·
1036 2416 1111 2472 inira
1142 2415 1191 2472 Ed.
1225 2415 1315 2472 Ptine.

229 2491 306 2547 Tros'.
323 2507 414 2542 omnes
433 2487 559 2542 aderunt.
1188 2531 1192 2537 ,

297 2560 425 2632 Ρὶιινίηιι)
462 2561 510 2618 Ed,
529 2560 594 2610 Obr.
613 2565 643 2611 et
659 2558 735 2612 Crat.
752 2569 809 2612 turs
824 2557 896 2630 plur.
935 2559 967 2612 in
986 2572 1063 2630 seqq.
1078 2559 1222 2612 Bernicsu
1230 2575 1311 2630 gras.

224 2631 307 2688 Beris.
325 2641 353 2684 et
374 2631 421 2684 ild,
439 2631 520 2682 Mero.
539 2633 607 2685 Mox
624 2630 703 2682 Aiax.

297 2703 333 2757 ab
352 2702 461 2774 ceteris)
498 2704 538 2755 Its
555 2703 582 2760 S.
604 2699 675 2752 Gaii.
694 2715 745 2752 sec.
767 2699 812 2755 tx,
830 2705 859 2751 et
877 2697 925 2750 ild.
947 2699 1051 2758 lisine:
1070 2698 1118 2752 Ed.
1133 2700 1227 2762 Crat,
1244 2697 1315 2759 obr.

130 2775 142 2794 ‘
226 2780 256 2825 et
274 2772 452 2842 Oudendorp.
471 2773 506 2826 sd
524 2771 603 2842 aput
633 2770 714 2839 Apol.
739 2787 767 2840 p.
792 2774 853 2838 47²·
877 2787 895 2823 a
920 2770 1027 2824 ceteris.
1064 2771 1184 2826 Sensus:
1212 2772 1254 2822 uti
1279 2786 1315 2824 se

227 2849 383 2896 tutarentur
401 2850 494 2898 contre
511 2846 565 2896 rins
586 2848 738 2893 ceterorum
757 2839 894 2904 hostium,
911 2840 977 2911 qui,
996 2842 1018 2893 si
1036 2842 1106 2894 maie
1126 2857 1183 2894 rem
1205 2847 1315 2910 gereret

227 2915 375 2974 Memnon,
404 2915 507 2968 irruere
526 2915 555 2966 in
577 2915 685 2965 Aiacem
704 2919 848 2981 poterant:
877 2911 1054 2983 quodetiam
1075 2911 1242 2963 factumest
1278 2913 1315 2966 in

226 2991 292 3036 cett.
310 3000 345 3038 sc
362 2987 470 3039 ceteris.
507 2985 592 3052 Atqui
612 2984 720 3035 discens
750 2984 863 3035 tuteism
890 2981 1039 3034 multorum
1061 2981 1229 3052 implorasse,
1253 2999 1314 3036 nora

227 3054 358 3107 convenit
376 3069 436 3106 cum
454 3056 564 3107 virtutis
584 3054 644 3106 eius
663 3054 827 3118 iactatione,
848 3061 880 3106 ut
897 3053 946 3124 qui
969 3069 999 3106 se
1023 3052 1114 3106 solum
1140 3069 1231 3124 parem
1252 3051 1316 3104 Me·

226 3125 322 3176 annoni
338 3125 483 3191 putaverit.

293 3211 354 3248 essm
373 3193 444 3259 due)
482 3197 520 3246 ita
538 3193 564 3244 S.
584 3193 653 3245 Gall.
670 3200 732 3245 uter
754 3209 788 3247 ue
805 3200 834 3247 et
848 3193 899 3248 Ed.
919 3192 1005 3248 Prius.
1040 3194 1072 3245 1n
1089 3199 1152 3248 cett
1168 3190 1314 3250 limam.

295 3268 391 3337 gravis
408 3279 491 3338 atque
508 3266 617 3317 summis
636 3263 741 3316 viribus
788 3265 829 3316 its
859 3272 976 3334 uterque
1001 3263 1028 3316 S.
1050 3263 1138 3328 Gali,
1159 3265 1233 3316 tiss.
1254 3265 1316 3315 Ou-

226 3333 360 3405 dendorp.
377 3335 411 3387 sd
430 3335 511 3403 Apul.
530 3335 596 3387 Met
617 3335 663 3385 iii.
683 3351 709 3404 p.
731 3337 799 3396 siis,
821 3335 869 3387 Ed.
888 3333 970 3387 Mers.
990 3343 1018 3387 et
1035 3333 1101 3387 Obr.
1137 3333 1214 3386 Meos
1231 3335 1314 3388 Bern.

225 3407 351 3476 gruvs'sss.
387 3404 436 3460 Ed.
456 3406 544 3458 Ptine
559 3405 698 3476 gravibus.
717 3404 793 3476 quoti
811 3405 1012 3458 restituendum
1042 3411 1124 3474 putat
1147 3405 1316 3458 uouendos·

226 3479 297 3544 pius.
333 3477 553 3546 Haudquaquam
570 3477 753 3545 spernendum
773 3491 831 3528 esse
849 3478 961 3546 gravis,
978 3474 1048 3528 dicit
1065 3473 1214 3546 Wopkens.
1232 3493 1258 3546 p.
1270 3473 1315 3543 q'a.

226 3549 312 3599 immo
332 3564 388 3601 non
404 3547 486 3600 aliter
502 3549 612 3616 scripsit
634 3547 793 3616 Septimius.
830 3546 1003 3599 Adiectirum
1020 3552 1113 3598 autem
1133 3547 1246 3614 ponitur
1263 3547 1314 3596 in-

226 3626 283 3670 star
300 3617 438 3672 Adverbii.
475 3616 569 3676 Maiei,
580 3633 605 3688 p.
622 3619 677 3671 ros.
695 3613 844 3670 insistatis
861 3615 937 3686 calepi
953 3617 1067 3684 βαρέως.
1088 3617 1203 3670 Cedren.
1215 3633 1238 3685 p.
1253 3617 1313 3669 sod.

226 3691 344 3744 ἐπέθετο
362 3691 469 3761 βαρέως
485 3687 573 3757 sso'spi.
609 3690 671 3741 iure
688 3696 781 3740 contra
799 3689 915 3742 offendit
933 3685 1116 3756 Wopkensius
1141 3687 1171 3739 in
1190 3687 1316 3738 tautolo-

226 3755 1316 3900 ⁸⁵?tt'ttlitffittfftti:ti‘lt‘szrtttflt‘ltin‘tttt't‘f

224 3851 280 3957 iiss'sst
296 3852 403 3958 isitius
424 3902 457 3952 ati
477 3905 611 3972 s'ssgrsssns
627 3903 747 3972 impulit.
782 3902 823 3951 Ex
840 3869 959 3968 Apuleil
970 3899 1045 3952 ioco:
1070 3847 1195 3952 meritiis
1208 3897 1315 3950 assissss‘s

224 3987 251 4028 et
269 3977 374 4029 viribus
391 3973 535 4028 alacribus
554 3971 720 4026 dormientes
737 3969 953 4043 aggrediamur,
972 3969 1039 4024 levis
1061 3967 1219 4022 emendatio
1237 3973 1315 4020 esset

224 4059 308 4119 nique
327 4047 429 4098 animis
454 4043 590 4108 muribus3
610 4043 653 4094 cui
672 4041 784 4114 quidem
803 4041 934 4095 nonnihil
951 4041 1042 4095 favere
1059 4041 1188 4094 videatur
1198 4047 1315 4090 exarata

223 4117 252 4167 in
272 4117 392 4188 margine
411 4115 470 4170 MS.
489 4115 608 4166 Perizon.
628 4116 763 4182 scriptura
782 4113 830 4176 iss,
849 4114 868 4163 i.
885 4129 910 4164 e.
929 4112 1046 4174 animis,
1066 4108 1315 4164 utrenucleatOu-

222 4186 399 4254 densiorpius.
436 4184 488 4238 Vei
506 4201 540 4235 ex
559 4185 646 4244 Pinus,
665 4183 776 4242 Mercat.
801 4202 824 4237 s.
842 4201 865 4236 s.
890 4183 952 4240 init.
970 4201 1005 4238 ex
1023 4183 1133 4236 summis
1151 4180 1250 4251 opibus
1268 4181 1316 4232 vi-

221 4258 374 4330 ribusque,
400 4256 535 4325 corrigas.-
561 4267 644 4329 atque
664 4256 776 4309 mmmis
800 4254 905 4326 opibus.
941 4254 1072 4308 Attamen
1093 4251 1243 4326 proclivior
1268 4257 1317 4304 est
