2808 4686
448 368 666 420 ccossuuun
691 371 754 420 un
779 369 829 418 u.
1101 348 1172 434 37]

177 559 209 618 in
228 554 331 632 donce)
372 555 514 620 Latinum
536 567 583 620 cst
601 559 735 620 irtdomo
753 557 909 621 Caesarie.
952 555 1013 622 Sed
1032 557 1066 620 in
1085 555 1175 622 ᾰοωο

88 653 272 738 simpliciter
290 676 349 739 pro
369 655 454 718 domi
472 657 652 720 turbarum.

177 776 199 816 a
220 755 354 818 pernicie
373 757 436 820 nrt
458 759 569 818 retenti
589 762 666 835 curet)
720 757 752 818 A
782 759 920 839 pernicie
942 756 1018 820 dicit
1038 775 1098 840 pro,
1116 756 1179 838 ipsu

91 853 189 916 caede
208 853 295 932 viri;
315 853 407 938 plane
432 865 467 918 ut
488 855 584 938 Apul.
604 855 699 938 Apol.
733 879 763 939 p.
785 855 855 922 582.
885 869 917 920 nt
940 877 1031 937 aegre
1061 855 1180 929 Lollius

96 954 228 1020 Urbicus
247 956 288 1018 ab
308 955 375 1018 eine
395 955 534 1039 pernicie
552 956 741 1039 temperarit.
782 955 899 1040 Sulpic.
924 955 966 1018 H.
985 955 1018 1020 S.
1038 956 1064 1016 1.
1087 977 1137 1016 co.
1149 953 1180 1018 8.

89 1073 168 1134 gens
187 1052 344 1118 indometa
371 1087 413 1102 -
433 1057 466 1116 in
483 1056 649 1138 penniciem
670 1074 776 1119 eornm
784 1055 962 1136 serebatur·
993 1053 1111 1122 Eadem
1130 1075 1181 1118 ee·

93 1155 181 1214 tione
215 1151 481 1237 exitiumSulpic.
515 1154 556 1216 H.
579 1154 613 1216 S.
639 1155 665 1216 l.
696 1177 744 1237 ¹7·
771 1174 798 1216 c.
821 1175 916 1238 aegre
933 1154 976 1216 ab
999 1154 1096 1216 exitio
1118 1155 1182 1216 eins

91 1255 295 1335 temperabat.
327 1264 360 1316 et
381 1254 554 1335 inqrnetudo
588 1253 670 1338 apud
691 1255 778 1337 Sept.
799 1251 856 1316 lib.
880 1256 904 1316 1.
929 1275 982 1316 nc·
1007 1254 1046 1314 ab
1067 1254 1180 1338 nequie·

91 1351 200 1414 tudine
233 1353 412 1435 Iphigeniae
442 1355 612 1416 cohiberent
644 1373 722 1421 cece.
776 1353 919 1436 Uimque
947 1350 1075 1436 Sulpicii
1112 1351 1181 1416 loco

93 1449 155 1514 clia
171 1473 207 1514 ex
229 1450 346 1536 Sulpic.
368 1463 399 1514 ct
417 1452 562 1514 Cornelio
583 1453 702 1536 Nepote
722 1451 829 1516 attulit
852 1452 1005 1515 Vorstiue.

177 1551 267 1613 Xlll.
310 1551 506 1622 Hermionae
528 1554 776 1632 matr-inanium)
833 1573 982 1634 procum
1003 1551 1182 1618 Hermione.

95 1651 163 1716 Lib.
196 1651 221 1710 l.
249 1671 295 1714 ιο.
337 1653 562 1713 matrimonium
586 1651 737 1714 Menelai.
787 1652 895 1713 lustin.
933 1655 972 1714 ll.
1000 1672 1047 1712 tu.
1070 1653 1182 1714 bellum

96 1749 284 1828 Persarum,
306 1773 364 1834 pro
387 1773 457 1814 cum
482 1751 595 1814 Persis.
619 1751 660 1820 V,
677 1753 711 1828 4.
733 1751 859 1814 Siciliae
879 1770 1010 1836 pugna,
1029 1772 1091 1834 pro
1113 1771 1183 1814 cum

93 1849 210 1913 Sicilie.
318 1895 321 1903 .

175 1951 259 2012 visus
282 1951 404 2014 Orestes
434 1951 614 2032 negabatur)
666 1949 741 2012 Peri
762 1947 958 2012 Nominotivo
981 1969 1053 2012 cum
1076 1951 1182 2012 inlini·
1290 1955 1294 1972 '

94 2047 160 2109 tiva
181 2048 237 2110 lib.
261 2053 303 2112 ll.
326 2048 358 2112 8.
391 2049 483 2112 Aiax
502 2051 720 2134 impetraturus
746 2050 938 2114 credebatur.
983 2049 1088 2112 Pleut.
1111 2053 1182 2114 blo*-

89 2147 161 2210 etel.
181 2149 248 2216 1.3.
265 2148 317 2234 76.
341 2149 469 2212 Utinam
490 2170 570 2210 meets
605 2171 686 2212 nunc
702 2163 832 2214 mortun
851 2165 943 2234 pater
965 2149 1010 2212 ad
1037 2170 1085 2210 me
1105 2173 1182 2212 nnn-

91 2249 201 2308 cietnr.
232 2249 327 2330 Apul.
351 2250 427 2310 blot.
446 2249 500 2308 tx.
521 2269 550 2330 p.
565 2249 637 2310 223.
661 2248 728 2332 nip.
750 2249 855 2311 asima
875 2251 963 2312 intra
982 2249 1076 2310 limen
1097 2269 1181 2313 cem·

88 2366 208 2428 parere
229 2349 404 2414 nunciatur.
455 2349 563 2409 lustin.
588 2347 675 2408 xlv.
698 2348 728 2411 5.
759 2352 896 2432 quicum
918 2349 1023 2408 venire
1044 2381 1084 2400 ·-
1104 2370 1181 2408 rtem-

92 2447 196 2506 ciatus
214 2460 298 2510 esset.
320 2445 425 2512 Sedul.
459 2446 561 2508 Curru.
585 2448 612 2508 1.
640 2443 707 2530 198.
743 2445 866 2508 Daniel
884 2445 1057 2508 decernitur
1078 2447 1181 2510 insons

92 2545 207 2604 ieiunis
226 2547 309 2608 ribus
339 2567 399 2608 esse
420 2545 513 2628 feris.
568 2547 666 2608 Multo
696 2545 869 2608 huiusmodi
903 2565 938 2606 ex
957 2545 1182 2610 recentioribue

92 2653 221 2705 enotare
243 2645 348 2727 possis.

175 2757 353 2825 praesumta
375 2781 415 2794 -
435 2747 553 2830 opinio)
604 2743 691 2806 Idem
710 2739 833 2806 dicendi
864 2763 961 2826 genus
980 2743 1114 2822 Quintil.
1137 2743 1178 2806 ΙΙ.

97 2861 154 2924 ¹73
176 2851 213 2902 ut
234 2843 335 2906 Tacit.
357 2845 442 2908 Ann.
465 2846 507 2906 11.
532 2845 583 2930 73.
602 2855 781 2928 praesumta
800 2845 941 2926 suspicio.

177 2943 216 3002 de
238 2945 442 3008 interimendo
459 2947 565 3024 saeta)
616 2946 638 3005 i.
668 2965 704 3004 c.
720 2943 760 3006 ed
792 2943 1033 3006 interimendum
1063 2944 1181 3007 loetum

90 3051 276 3124 spectantes.
300 3045 369 3106 Lib.
393 3047 435 3107 ll.
459 3045 489 3125 4.
518 3046 615 3126 legati
645 3045 777 3108 invicem
797 3045 836 3106 de
856 3044 1048 3128 sepeliendis,
1071 3045 1124 3128 qni
1147 3047 1183 3106 in.

90 3141 172 3202 betto
192 3143 386 3220 ceciderant,
412 3147 581 3209 mittuntur.

177 3243 267 3304 XlV.
306 3245 539 3327 perlaudabilic)
561 3245 608 3306 De
629 3245 687 3306 bac
706 3263 781 3304 voce
811 3243 946 3304 Praelut.
969 3265 1004 3326 p.
1026 3245 1177 3306 XXXIX.

176 3343 261 3423 quod
279 3345 439 3427 complecti
454 3349 526 3422 cot.)
576 3343 720 3426 Syntexis
749 3352 818 3404 ecl:
839 3353 872 3404 ct
889 3343 973 3418 sihi,
999 3343 1073 3406 illud
1094 3365 1178 3406 eom·

88 3439 185 3522 plecti
206 3441 365 3525 cupienti,
397 3443 631 3528 porrigentiquc
651 3443 692 3504 ed
713 3441 788 3504 illud
819 3463 950 3518 manus,
987 3441 1027 3504 ab
1054 3464 1093 3504 eo
1129 3463 1179 3504 re-

88 3561 237 3622 sponsum
257 3554 314 3604 est.
358 3543 406 3604 De
424 3544 558 3627 epilepsi,
582 3561 644 3626 qua
665 3563 751 3604 cneus
773 3551 900 3624 quartus
912 3543 993 3628 quod
998 3587 1007 3618 ,
1028 3549 1081 3622 qui
1107 3563 1178 3622 pro-

88 3640 246 3722 prienen
280 3643 338 3705 uisi
371 3645 466 3706 verbo
487 3645 649 3728 complecti
669 3643 825 3720 convenit,
847 3643 940 3704 elietu
965 3642 1003 3706 ad
1021 3643 1180 3725 porrigere

87 3738 252 3816 trabitur,
279 3741 340 3803 dixi
357 3743 397 3804 ad
420 3743 475 3806 lib.
498 3743 554 3804 lv,
588 3764 636 3803 tt.

175 3842 432 3922 coniunctionem)
479 3843 581 3905 intell.
609 3843 738 3906 coitum.
764 3843 830 3904 Cic.
856 3839 921 3903 off.
944 3843 971 3902 1.
996 3838 1028 3919 4.
1052 3841 1178 3904 mmort-

82 3937 197 4003 ctionie
217 3943 379 4026 appetitus.

171 4059 304 4126 namque
324 4063 369 4105 ex
387 4045 436 4122 co)
479 4043 569 4106 Anna
593 4043 879 4128 interpretabatur:
897 4057 933 4100 ex
953 4057 990 4100 eo
1011 4047 1176 4122 tempore,
1276 4095 1280 4105 .

84 4140 119 4200 in
141 4149 311 4220 posterum.
354 4142 460 4204 blallm
489 4143 649 4228 equidem:
680 4141 766 4218 ideo,
790 4161 824 4200 ex
846 4159 882 4199 ca
905 4157 1012 4214 ceusu,
1039 4136 1062 4198 i.
1085 4159 1113 4200 e.
1135 4139 1176 4202 ob

84 4235 267 4302 sceleratam
288 4240 437 4306 uusmodi
461 4245 720 4307 coniunctionem.
743 4239 795 4300 Sic
809 4236 865 4300 lib.
881 4237 909 4299 l.
924 4236 955 4305 6.
975 4257 1018 4300 en
1036 4259 1097 4322 qno
1118 4261 1176 4304 aa·
