2612 4690
332 411 602 470 oasmvanouas
627 413 665 470 sn
690 415 753 469 us.
779 419 813 470 r.
1044 395 1117 471 469

10 621 48 661 an
62 595 189 664 Seilen
211 600 273 662 and
295 601 562 685 wiesIelonntcn,
582 605 651 669 dass
674 608 718 670 sic
733 627 764 670 es
787 609 818 668 io
841 605 989 684 dieStadt
1004 603 1114 670 bracb-

10 705 110 768 ten.“
165 702 291 766 Scilicet
312 706 415 787 priam
448 725 510 767 esse
530 728 566 769 ex
587 709 716 794 Dietyc,
736 707 839 792 paullo
860 731 952 792 supra
973 695 1120 772 iudiciui-

10 823 100 868 mua.
166 803 214 864 Er
244 825 354 886 graeco
373 806 484 890 Dictys
503 817 574 869 sunt
594 811 703 871 etiams
735 807 826 886 „und
847 809 889 870 sie
912 829 1005 892 eugen
1026 830 1060 872 es
1080 831 1120 872 nn

10 903 126 964 SeiIen
154 903 223 965 und
245 907 304 968 wIe
334 909 377 970 sle
397 907 571 983 lonntcn,“
602 909 624 977 i.
644 931 673 971 c.
700 907 822 970 lisnibus
843 917 875 971 ct
891 910 1123 993 quibuscunque

14 1003 183 1065 trahendi
204 1007 282 1086 aptis
311 1005 542 1085 instrumentis,
563 1005 656 1069 veluti
676 1007 751 1070 lor-Is
772 1019 803 1069 et
821 1011 947 1071 catenis.
989 1009 1116 1072 Latinus

10 1115 139 1168 contra
159 1109 312 1187 interpres
324 1105 484 1188 Septimius
497 1106 535 1168 ad
556 1107 766 1190 compendium
786 1109 987 1169 narrationem
1003 1107 1117 1186 retulit,
1213 1112 1216 1118 '

16 1217 48 1264 ct
67 1216 254 1266 memoratu
277 1205 367 1288 digna
385 1206 460 1286 lale,
491 1215 528 1269 ut
548 1207 614 1268 aliis
641 1205 737 1288 locis,
758 1207 853 1270 latiae
870 1195 988 1270 venere
1008 1209 1122 1271 orauit.

15 1305 142 1368 Nullus
166 1305 218 1367 bic
238 1305 420 1368 dubitationi
441 1307 543 1370 locus:
566 1319 658 1390 atque
675 1329 744 1369 cum
758 1308 867 1371 Suldas
889 1310 979 1371 etiam
1001 1305 1061 1370 alia
1082 1329 1117 1370 ex

16 1405 140 1491 Dictye
164 1407 309 1489 petierit,
330 1417 361 1468 et
379 1407 613 1490 Tryplsicdorus
631 1429 752 1491 quoqne
772 1408 866 1469 multa
885 1409 996 1471 babeat
1015 1411 1118 1490 singu·

19 1507 131 1586 laria,
159 1527 242 1589 quae
261 1507 476 1591 Trypliiodoro
505 1519 536 1571 et
556 1507 702 1591 Septimlo
731 1509 802 1572 solis
821 1519 895 1571 sunt
923 1510 1115 1588 communia,

19 1615 57 1667 ut
81 1607 126 1668 ad
149 1607 280 1667 verbum
302 1627 397 1688 paene
417 1607 668 1691 Tryphiodorum
691 1627 726 1670 er
742 1609 851 1692 Dictys
869 1629 905 1669 ea
927 1608 1117 1690 descripsisse

18 1707 266 1784 existimaveris,
293 1707 340 1768 Ius
358 1729 393 1768 ex
423 1711 520 1770 causis
541 1719 570 1770 et
591 1710 702 1772 Suidae
723 1709 815 1770 verba
836 1709 880 1802 sd¹
895 1709 1012 1792 DictyIs
1031 1729 1117 1790 grac·

22 1827 90 1868 cam
114 1805 355 1890 Ephemeridem
377 1808 547 1870 reducenda
569 1829 632 1871 esse
654 1808 881 1887 contenderim,
910 1819 1002 1892 atque
1019 1809 1117 1870 etiam

22 1907 282 1990 'scyphiodorum
306 1907 372 1968 loco
393 1907 544 1990 descripto
568 1919 598 1971 at
618 1908 690 1970 allbi
709 1911 817 1992 passim
838 1909 877 1970 ad
897 1929 1043 1991 graecum
1063 1909 1118 1969 Di·

25 2017 96 2089 ctyn
119 2011 288 2092 respexisse
307 2007 404 2092 (quod
425 2011 455 2070 In
477 2009 606 2074 Praelat.
626 2031 658 2093 p.
680 2011 799 2078 xxvi.
818 2033 888 2072 cum
909 2009 1010 2093 aliqua
1028 2008 1118 2071 dubi-

25 2109 146 2169 tatione
169 2107 355 2184 affirmavi),
381 2109 509 2191 ingenue
531 2120 561 2171 et
579 2121 684 2193 aperte
703 2111 857 2172 edixerim.

108 2210 185 2271 XII.
209 2207 258 2269 ud
273 2207 411 2290 Sigeum)
458 2207 613 2270 Tenedum
631 2212 784 2286 Graecos,
813 2212 942 2270 incensis
962 2209 1115 2289 tentoriis,

29 2311 225 2386 concessisse,
240 2329 302 2368 uno
314 2329 368 2370 ore
382 2309 506 2370 tradunt
515 2308 656 2388 Leschea,
669 2307 864 2390 virgitllen.
875 2309 914 2372 11.
929 2329 988 2387 ²¹3
1010 2311 1117 2388 Quint.

30 2405 103 2468 XII.
127 2408 214 2488 366;
240 2407 408 2494 Trypbiod.
428 2427 508 2492 ²¹73
542 2407 657 2490 Hygia.
685 2407 762 2488 1083
792 2406 894 2470 Tasta.
916 2405 997 2488 6805
1018 2407 1118 2469 Malel.

32 2525 64 2585 p.
91 2505 175 2588 1433
199 2505 328 2573 Cedren.
349 2528 379 2590 p.
406 2505 472 2574 108.

114 2606 211 2668 medlo
236 2605 364 2686 silentis)
411 2605 519 2690 Virgil.
542 2603 620 2673 Aen.
649 2603 783 2672 11.255.
806 2604 922 2665 tacitae
941 2607 1118 2690 peramica

33 2703 156 2766 silentia
176 2705 282 2766 lunae.
305 2739 345 2754 -·
368 2707 518 2766 intravere
551 2705 686 2784 moenia)
738 2705 800 2780 Qui
820 2723 856 2763 cx
878 2723 956 2786 equo
978 2701 1115 2787 Irgneca

35 2799 145 2864 Sinone
169 2813 275 2884 aperto
296 2814 496 2887 proruperant
515 2848 524 2877 .
548 2803 711 2865 interfectis
732 2802 905 2864 custodibus
926 2810 1032 2884 portas
1050 2823 1119 2884 apc-

38 2919 129 2962 rucre
149 2913 183 2965 et
202 2907 282 2964 socia
307 2925 392 2964 arma
413 2907 549 2972 inorme.
571 2901 682 2984 Virgil.
699 2903 832 2966 lleu.lI.
848 2903 917 2983 ²59·
939 2901 985 2961 Ne
1007 2901 1116 2961 mirum

36 2997 90 3058 tibi
119 3001 280 3080 videatur,
312 3002 396 3085 quod
419 3003 526 3086 Dictys
551 3001 659 3064 heroes
679 3002 710 3064 in
740 3021 819 3084 equo
839 2997 965 3062 durateo
994 2998 1119 3062 latentes

36 3095 152 3162 silentio
181 3104 438 3184 praetermiserit3
467 3104 578 3185 quippe
600 3103 652 3185 qui
681 3120 854 3184 persuasum
876 3098 1036 3174 habuerit,
1072 3109 1118 3162 tot

38 3193 176 3264 homines
195 3204 228 3263 in
246 3204 314 3284 equi
336 3202 405 3264 alvo
424 3201 524 3264 locum
543 3202 659 3264 habere
680 3221 741 3263 non
762 3199 903 3286 potuisse.
943 3199 1049 3261 Eludit
1066 3199 1116 3260 'sa-

37 3293 138 3362 bulam
160 3302 200 3363 ab
209 3301 346 3365 Homero
367 3301 439 3362 inde
462 3311 524 3364 tam
548 3302 735 3362 decantatam
757 3299 983 3384 DioCbrysnst.
996 3321 1026 3382 p.
1041 3297 1115 3364 356.

41 3393 106 3459 Vol.
126 3401 152 3466 1.
185 3421 311 3483 eamque
340 3402 532 3482 interpretari
554 3397 680 3460 molitur
694 3397 896 3481 Palaephatus
916 3419 991 3480 cap.
1008 3419 1053 3481 ¹7·
1074 3429 1117 3446 -

40 3493 153 3575 tignum
183 3498 306 3582 mmm)
349 3501 454 3578 Quum
482 3498 815 3584 appropinquaremus
834 3497 958 3558 Tenedo
991 3495 1114 3570 Graeci.

43 3609 100 3653 non
120 3607 284 3680 postquam
305 3597 415 3660 urbem
433 3599 494 3660 iarn
513 3601 702 3658 Intraverunt
722 3608 751 3657 et
764 3593 880 3676 singula
899 3593 965 3656 loca
988 3615 1116 3679 occupa-

42 3707 161 3775 verant,
181 3697 277 3758 facem
299 3695 449 3759 sublatam
472 3696 581 3770 fuisse,
604 3715 734 3758 consona
763 3705 808 3757 est
827 3704 984 3779 poetarum
1005 3714 1075 3754 vos.

119 3794 231 3858 diuisis
252 3827 291 3845 -
313 3797 406 3880 locis)
459 3795 681 3858 Adnmbratum
710 3795 768 3855 boc
799 3793 920 3855 videtur
947 3813 981 3854 er
1005 3789 1116 3874 VIrgil.

45 3889 112 3954 len.
132 3894 173 3955 II.
195 3897 264 3958 ³32.
298 3927 329 3943 -
350 3917 409 3978 per
423 3893 524 3956 domos
551 3909 639 3979 atque
658 3895 744 3968 vias,
773 3891 839 3954 Ioco
859 3911 945 3952 sacra
961 3891 1115 3972 profana·

44 3989 110 4072 qne)
152 3992 258 4076 Virgil.
289 3995 365 4054 Aen.
387 3995 430 4054 ll.
454 3993 525 4069 364.
549 3995 687 4076 plurima
710 4009 824 4074 perque
851 3990 920 4050 vias
944 4001 1117 4049 sternunmr

46 4085 151 4151 taenia
175 4095 293 4177 passim
308 4111 455 4175 carpam,
479 4113 594 4177 perque
627 4093 736 4152 domos
767 4103 796 4149 et
823 4090 963 4170 religiosa
990 4087 1115 4150 deorum

46 4181 154 4254 triniaci.
174 4223 211 4238 -
232 4192 415 4274 priusquam
434 4209 556 4252 armam
573 4195 616 4269 se)
664 4189 742 4248 Cum
770 4197 884 4248 armata
912 4185 1114 4248 Troianorum

47 4289 253 4355 manutenens
275 4311 331 4374 per
352 4287 482 4354 mediam
504 4287 610 4354 urbem
627 4285 801 4363 incedebat,
824 4296 855 4350 et
872 4285 1033 4350 fortusime
1054 4305 1112 4369 pn-
