2766 4690
359 353 628 407 ennarrationes
653 355 689 407 nt
715 357 779 406 nra.
819 357 853 408 r.
1084 328 1157 410 tto

81 565 215 632 regnum
244 542 432 622 condidima,
461 555 665 624 oomptentum
685 556 731 608 ert
750 545 974 628 recentiorum,
1003 548 1036 608 in
1055 547 1162 634 primia

79 647 220 730 Diotyir,
240 643 322 728 qnod
343 642 472 727 amplexi
502 653 575 706 runt
596 646 693 706 Dares
723 666 752 706 c.
776 640 818 726 45
849 654 883 708 et
901 646 963 709 lor.
985 643 1083 708 lacon.
1104 644 1162 714 Vl.

79 744 158 807 883.
173 748 258 807 inter
276 736 316 806 tri
337 741 591 822 raopvttovptra
614 744 706 806 refert
725 743 838 808 Strabo
848 746 935 813 xllt.
956 766 986 828 p.
1007 744 1082 830 905,
1096 745 1167 806 Δη-

79 853 220 907 tenorem
233 842 289 904 llio
310 853 398 925 eapto
418 843 552 906 Henetus
574 845 604 905 io
635 843 755 908 ltaliam
777 844 905 908 duriore.
948 845 1042 907 Varia
1062 843 1164 906 attniit

81 943 186 1028 Heyn.
206 943 247 1007 ad
266 944 348 1007 Aen.
372 945 397 1011 Ι.
423 941 491 1022 ria.
514 943 590 1006 Ere.
611 943 683 1006 vlt.
726 945 863 1008 Aeneam
881 948 914 1008 in
936 945 1055 1008 Troade
1074 965 1164 1006 man-

80 1047 169 1120 eiaae,
190 1043 554 1106 Primidarutaexttinoto
574 1064 684 1127 genere
702 1065 853 1128 regnasse,
875 1044 1073 1108 etAeneadae
1085 1043 1164 1106 mut-

77 1153 132 1204 tor
152 1142 292 1225 deincepr
310 1144 341 1204 in
353 1163 447 1226 regno
468 1146 655 1220 aurensinae,
675 1143 899 1227 antiquissimus
911 1146 996 1208 teatin
1016 1155 1059 1206 eat
1070 1144 1162 1206 Hom.

83 1243 126 1310 ΙΙ.
147 1245 219 1310 XX.
241 1243 313 1306 360.
342 1255 374 1306 et
392 1243 500 1327 hymn.
534 1246 567 1308 in
590 1243 755 1328 Aphrodit.
781 1265 848 1331 ¹97·
872 1243 982 1330 quibua
1005 1241 1078 1306 loeis
1097 1245 1165 1330 ipra

79 1364 134 1404 rer
156 1343 291 1406 vaticinii
306 1345 404 1428 speeie
416 1343 592 1406 involvitur.

168 1463 225 1504 rex
251 1440 455 1505 Cebrenornna
479 1441 643 1520 Oeniden)
690 1443 752 1506 Ios.
780 1446 878 1513 lanan.
905 1443 962 1511 Vi.
996 1443 1070 1508 883.
1095 1443 1167 1507 urbe

74 1545 198 1629 potitur
211 1545 376 1622 Antenor,
407 1543 549 1629 regnique
573 1541 661 1606 decus
680 1565 741 1606 rer:
758 1543 851 1614 lector
873 1545 1021 1628 adauget,
1039 1543 1167 1607 Adstri-

80 1657 150 1706 σιω
168 1645 255 1704 roair'r
276 1646 309 1705 in
324 1643 462 1720 jbedern
491 1645 576 1706 taeta
604 1643 752 1706 Gabinio.
778 1643 840 1708 Pro
872 1643 1010 1707 Gabinio
1028 1645 1092 1728 iege
1108 1643 1166 1706 οο-

80 1740 276 1808 onninvid.
295 1750 359 1808 not.
383 1763 427 1807 or.
448 1741 562 1827 Regem
582 1743 753 1807 Oenidenm
775 1745 905 1828 ignoro:
929 1733 1166 1827 etque'mirnrn,

86 1841 175 1924 quod
194 1841 225 1903 in
256 1851 321 1904 toto
341 1840 445 1923 bello,
468 1864 538 1907 eum
566 1846 702 1927 proxime
722 1845 834 1907 Troiae
862 1845 1015 1927 regnarit,
1041 1863 1082 1905 ne
1107 1863 1165 1905 no-

82 1941 219 2002 minetur
238 1939 371 2024 quidrn‚
398 1963 496 2027 neque
515 1947 554 2007 ait
573 1947 655 2008 inter
683 1945 797 2008 Priami
818 1947 924 2006 rooioa.
965 1943 1013 2006 Ab
1033 1944 1165 2006 Henrioo

85 2063 115 2108 e.
138 2039 190 2103 85.
214 2039 266 2106 tol.
291 2047 359 2108 152.
380 2051 456 2105 extr.
479 2055 606 2107 vocator
627 2043 764 2123 litider,
785 2042 911 2128 eiusque
930 2051 1015 2108 terra
1033 2043 1167 2105 Garien-

83 2141 145 2204 dia
167 2141 200 2217 (i.
223 2161 252 2209 e.
276 2142 442 2224 Gebrenin,
466 2144 636 2224 Cebrenia).
669 2143 792 2206 lienriei
813 2155 914 2206 autem
939 2145 1073 2206 narratio
1091 2141 1167 2206 hato
1287 2166 1290 2174 ’

83 2249 153 2304 eet:
174 2240 239 2302 Ubi
265 2239 408 2306 Antenor
425 2245 529 2327 paucis
562 2243 774 2307 comitantibus
795 2239 1021 2315 cernentium,
1044 2240 1099 2304 ubi
1119 2243 1168 2304 iu·

83 2351 151 2402 ator
164 2351 229 2404 erat
248 2350 281 2404 et
301 2343 442 2424 paoiiioue
471 2365 525 2406 rer
546 2343 682 2422 Titidea,
708 2341 848 2425 appulit,
878 2342 911 2404 in
933 2340 1056 2424 planitie
1074 2361 1169 2426 prope

84 2451 224 2504 montem
257 2443 393 2508 nonditiit
423 2447 553 2518 urbem,
590 2447 687 2506 muria
720 2443 890 2518 munitam,
925 2462 1016 2526 quam
1049 2445 1169 2507 vocavit

83 2541 239 2610 Menelon.
289 2543 380 2623 Quod
409 2567 504 2629 quana
532 2546 680 2620 Troiani,
708 2547 761 2626 qui
782 2547 815 2606 in
845 2543 921 2608 urbe
941 2563 995 2606 aua
1015 2561 1168 2606 τοωαοεο-

84 2653 180 2720 rant,
201 2646 399 2728 aceepieaent,
423 2644 463 2708 ad
499 2666 568 2706 eum
589 2641 820 2720 confluxerunt,
844 2653 875 2706 et
895 2663 976 2706 nova
994 2641 1067 2704 urba
1086 2642 1168 2705 iacta

82 2752 133 2802 eat
154 2761 261 2826 magna
288 2753 320 2806 et
340 2755 459 2826 potens.
502 2747 637 2807 Antenor
655 2764 725 2806 cum
743 2742 858 2824 Titide,
878 2742 930 2825 qui
945 2743 1072 2826 propitio
1095 2761 1167 2806 eum

80 2853 280 2926 rnaoeperat,
300 2845 431 2908 amicitia
452 2847 575 2925 iuncta,
598 2843 734 2927 princeps
754 2843 848 2905 erasit
870 2853 938 2928 port
957 2861 1074 2926 regem.
