2808 4686
243 329 314 404 stt
585 348 800 404 ososslstust
824 351 890 400 ιιι.
918 348 970 400 ιιι.

328 540 490 604 meorrlins
511 542 634 621 agitare)
695 547 732 600 ut
751 536 824 604 Sall.
846 538 913 622 lug.
938 557 986 621 ¹9·
1003 538 1084 602 alios
1103 542 1245 604 neamus
1269 563 1318 604 na·

240 658 298 720 gos
320 642 449 720 agitare.
470 639 568 704 Tacit.
591 639 675 704 Ano.
697 641 720 703 Ι.
745 637 793 705 5⁰.
813 640 889 702 laeti
908 639 1086 720 agitabant.

315 739 471 822 facinoris
491 739 631 824 enemplo
649 742 800 825 sinpccn'sl
850 741 981 802 Sensus:
1003 729 1224 824 Praeterquam
1245 742 1319 826 quod

242 839 287 905 ols
307 839 449 905 iocinoris
473 838 643 922 exemplum
665 844 694 918 (a
714 837 831 900 Posido
851 839 967 915 ἀιιιιιιιι)
990 859 1096 902 omnes
1115 841 1246 902 Troiani
1267 843 1320 902 ism

241 937 372 1020 suspecti
393 940 476 998 circo
496 937 659 1021 hospitium
683 949 775 1000 erent
797 957 851 1021 per
871 957 976 999 omnes
997 947 1129 1022 gentes,
1162 949 1229 1000 tum
1251 961 1320 1000 vem

242 1042 432 1102 Gmeeomm
451 1039 544 1104 simul
562 1040 722 1116 victoriae,
736 1039 1002 1120 Troianoromque
1024 1038 1143 1100 eversio
1164 1041 1319 1102 civitatum

240 1141 579 1222 mimosocoupsverat.
598 1141 750 1224 Suspectis
760 1139 896 1200 omnibns
911 1137 985 1212 (scil.
993 1139 1148 1218 Troianis)
1159 1139 1318 1203 Ablotiros

240 1237 462 1306 etimolotus.
485 1241 642 1322 Cognitum
660 1241 682 1305 i.
699 1261 726 1310 e.
738 1234 772 1302 ri
791 1236 973 1318 nestoras,
990 1235 1026 1302 ri
1041 1239 1170 1318 peinis.
1184 1239 1277 1323 plane
1289 1251 1318 1302 ot

240 1341 533 1406 Linxxvtltee.
553 1341 701 1410 nuditum.
716 1343 755 1409 ci.
772 1341 924 1410 Obrecht.
947 1351 979 1404 et
990 1341 1163 1425 Wopkens.
1187 1342 1319 1405 Attende

238 1453 402 1525 praetereo
412 1463 521 1507 nexum
533 1443 627 1503 simul
635 1431 732 1520 -en
745 1442 784 1504 de
804 1461 865 1524 quo
882 1441 1043 1525 aliquoties
1062 1443 1122 1504 ism
1136 1442 1314 1508 monuimus

321 1541 424 1606 odiam
445 1577 485 1592 -
515 1547 694 1622 incesserat)
736 1543 805 1608 Lib.
836 1543 928 1610 lV.8.
959 1543 1133 1628 desperatio
1151 1545 1318 1608 incesserat.

237 1641 278 1710 V.
305 1644 351 1709 15.
372 1645 461 1706 dolor·
476 1647 651 1706 incesserat.
676 1663 721 1727 17.
742 1663 833 1706 amor
852 1645 1026 1705 incesserat.
1069 1643 1222 1706 Absolute
1243 1642 1317 1704 idem

236 1745 370 1806 verbum
391 1745 481 1826 ponit
502 1744 574 1810 sall.
598 1745 663 1828 lug.
691 1743 952 1810 reconcinnatio
981 1743 1105 1808 incessit.
1130 1743 1198 1808 Cot.
1223 1765 1255 1828 ς.
1274 1765 1316 1803 αι-

234 1846 311 1930 pido
332 1847 501 1910 incesserat.
524 1857 663 1927 oimtque
675 1843 792 1910 Livius.
806 1865 836 1910 v.
849 1848 985 1908 Gronov.
1007 1843 1045 1905 od
1059 1844 1178 1911 Xlllll.
1188 1841 1241 1922 oi.

318 1945 359 2012 il.
396 1949 492 2028 ficte
522 1945 660 2030 qondam
684 1945 749 2027 dic)
812 1945 923 2028 Incipit
950 1945 995 2008 sic
1027 1947 1207 2008 sententiam
1229 1943 1314 2028 Apol.

236 2043 311 2112 Met.
335 2043 360 2114 l.
382 2067 410 2126 p.
438 2045 504 2110 153.

321 2167 410 2208 avens
431 2147 539 2224 visere)
575 2143 646 2212 Lib.
667 2141 765 2224 liii.
793 2157 915 2206 aventes
937 2143 1104 2209 dinoscere.
1126 2143 1239 2211 Homl.
1258 2143 1313 2210 Sal.

237 2245 281 2317 ll.
304 2247 336 2314 6.
355 2266 407 2332 99.
429 2247 508 2310 nrbis
526 2262 648 2310 erentes
664 2247 788 2310 moenia
809 2245 952 2306 nocturni
969 2245 1140 2330 subrepere.

315 2349 548 2435 principalium)
590 2348 662 2411 Dixi
685 2347 865 2411 inProeiot.
885 2369 916 2429 p.
929 2347 978 2410 Ll.

320 2449 436 2533 partim
457 2481 498 2498 -
527 2449 677 2536 reliquae)
727 2447 823 2510 Plane
851 2457 887 2508 ut
911 2445 985 2510 Sall.
1008 2447 1074 2531 lug.
1100 2447 1149 2512 55.
1170 2450 1314 2512 carenos

242 2552 364 2638 partim
379 2552 464 2636 ipse,
489 2547 618 2634 reliquos
637 2549 758 2610 Man'ns
789 2546 929 2616 decebat.
954 2548 995 2613 ci.
1015 2549 1128 2631 Septim
1149 2549 1189 2618 V.
1216 2571 1262 2616 io.
1281 2547 1316 2608 nti

239 2668 319 2736 pars
340 2649 388 2712 ad
409 2650 532 2726 Solem,
556 2648 707 2713 residnnm
728 2643 774 2709 ad
792 2669 888 2709 naves
908 2661 1066 2733 spectaret.

324 2750 490 2814 redinn'tac
513 2754 631 2828 ornain)
692 2749 778 2811 Nova
798 2747 924 2814 locutio.
975 2749 1057 2832 Apte
1077 2761 1179 2812 tomen
1201 2765 1316 2830 compa·

243 2859 332 2912 rotor
352 2849 479 2934 Virgilii
500 2860 531 2913 et
558 2847 666 2910 ovidii
695 2852 804 2910 velatus
821 2850 946 2922 amictu.
972 2849 1134 2936 Hegesipp.
1162 2851 1188 2916 l.
1212 2849 1241 2916 5.
1260 2867 1317 2910 sire·

241 2951 352 3014 cinctio
372 2965 495 3020 ornatu.
517 2953 542 3017 l.
564 2951 615 3017 36.
636 2952 751 3014 amictu
770 2949 902 3012 indictus.

324 3065 497 3133 nagge-resne
518 3049 575 3112 sttt
600 3083 640 3098 -
663 3065 851 3136 apparatum
882 3052 972 3129 sacri]
1013 3049 1219 3130 Fallitur,si
1253 3045 1317 3132 quit

242 3149 354 3228 vicino,
378 3151 581 3235 Vindingius,
604 3147 664 3213 hoc
690 3151 749 3212 sibi
769 3151 807 3212 od
829 3151 1029 3215 Cassandram
1051 3152 1206 3226 reserens,
1233 3161 1268 3214 ut
1285 3145 1318 3210 sit

243 3274 301 3340 pro
321 3253 361 3320 ei.
406 3251 496 3314 Haud
517 3250 660 3334 equidem
692 3251 819 3330 nescio,
849 3254 906 3316 sibi
926 3262 1010 3314 etse
1031 3253 1110 3335 opud
1130 3251 1254 3334 scripsi.
1273 3271 1320 3333 po·

243 3356 389 3418 oleriores
412 3358 458 3432 (ut
479 3349 729 3434 praetermittam
750 3352 1051 3436 Plautumpcrssepe
1072 3351 1115 3414 ite
1137 3351 1319 3436 loquentem,

243 3478 275 3525 v.
296 3477 323 3523 c.
344 3455 410 3524 Mil.
433 3453 522 3520 Glor.
552 3473 583 3520 a.
603 3476 635 3520 ιι.
659 3453 709 3520 ι6.
728 3477 760 3540 se
780 3475 840 3537 pro
858 3459 935 3532 eant)
956 3452 1041 3516 haud
1062 3475 1136 3516 reso
1156 3453 1233 3538 poni
1252 3471 1320 3536 pro,

242 3559 290 3636 ei,
311 3579 387 3623 eam.
398 3543 401 3548 ¹
413 3577 443 3624 v.
457 3554 583 3621 Salmas.
606 3557 647 3620 sd
658 3555 821 3640 Capitolio.
841 3555 963 3621 Pertin.
980 3556 1010 3622 3.
1026 3577 1055 3638 p.
1066 3555 1137 3638 537.
1157 3553 1199 3634 h,·
1223 3553 1323 3616 Vorsl.

242 3659 284 3724 od
305 3657 420 3744 Sulpic.
450 3657 516 3722 vit.
538 3659 632 3724 Mart.
656 3655 747 3737 154.
789 3657 850 3720 Sed
869 3655 974 3720 malim
994 3657 1052 3716 sciri
1075 3675 1202 3716 nomem
1224 3652 1324 3737 pluro·

243 3761 445 3844 llacciperc,
477 3771 512 3821 ut
535 3759 575 3820 ad
595 3770 757 3842 utramque
786 3768 958 3821 matronam
983 3765 1120 3841 speoiet;
1144 3757 1200 3818 nisi
1225 3753 1325 3816 melius

243 3863 325 3925 iorte
345 3860 421 3942 iliud
453 3859 506 3922 liic
526 3859 596 3936 loci,
621 3865 658 3918 ut
678 3879 766 3940 saepe
789 3858 870 3940 opud
887 3857 1033 3934 Latinos,
1054 3866 1087 3917 et
1109 3857 1228 3938 saepius
1251 3849 1325 3935 opsud

244 3963 380 4024 Grnems
410 3980 462 4023 σοι
493 3957 655 4020 obtundere
684 3957 913 4023 existimaveris.
951 3956 1115 4038 &iggsrere
1148 3965 1327 4039 apparntctn

243 4065 328 4125 sacri
343 4072 408 4126 est:
425 4083 472 4126 res
482 4061 629 4122 sacrificio
642 4061 825 4121 necessarias
845 4079 1034 4141 comparare.
1056 4057 1153 4123 Auct.
1186 4056 1219 4122 B.
1243 4052 1326 4114 Ales.

229 4151 277 4228 ·8‘.
308 4163 379 4224 nris
411 4165 545 4226 omnium
576 4181 680 4223 rernm
713 4173 886 4246 apparatas
916 4159 1099 4242 suggerebat.
1132 4155 1172 4226 cs.
1205 4155 1327 4218 [lereni-

246 4257 380 4344 Adelph.
402 4261 427 4327 l.
458 4283 483 4326 ι.
506 4260 557 4326 56.
579 4273 708 4324 ιιιιιιιιιιιι
726 4279 894 4342 suggerere.
