2762 4684
385 389 655 444 onemvinoura
691 389 889 442 runcum.
1095 369 1169 444 tau

85 599 235 654 mencus,
263 581 361 662 putria
395 579 579 660 prohibitus,
615 575 751 640 Corinthi
789 577 894 660 degit:
929 587 1028 660 postea
1065 589 1166 640 tamen

86 689 232 761 receptus
258 689 304 740 est
333 686 410 760 (cap,
433 683 493 753 n),
525 685 616 760 atque
645 678 678 736 in
706 675 794 737 Croto
814 677 898 738 obiit.
939 676 1047 738 Vurias
1069 681 1099 740 ia
1120 678 1168 741 iris

84 789 226 840 veterum
248 776 434 838 narrationes
455 776 560 857 Dictys
574 773 744 837 coclirndit.
788 775 980 838 idomeneum
1003 777 1094 839 Troia
1115 798 1167 838 ca·

85 887 143 960 pta
165 881 315 940 insontem
339 875 459 938 Cretam
481 875 607 936 rediieae
638 877 718 936 canit
740 873 830 942 Hom.
851 874 913 936 Od.
936 875 991 942 111.
1017 877 1167 960 1913eui

88 976 175 1038 addit
196 977 347 1038 Diodorus
374 975 433 1040 Sic.
462 973 518 1034 Vl.
546 975 593 1037 ι’5.
626 971 820 1038 idomeneum
851 973 983 1056 itemque
1000 977 1166 1038 Merionem

83 1076 118 1136 in
143 1078 238 1157 patria
250 1096 305 1137 sua
316 1084 457 1147 ‚mortuos
470 1093 534 1135 esee
554 1081 584 1134 et
602 1069 744 1154 sepultos,
765 1069 882 1136 illustre
897 1073 955 1136 iliis
973 1071 1165 1157 sepulchrum

56 1195 62 1210 ⁸
84 1177 237 1256 positum,
267 1185 298 1236 et
319 1172 436 1236 divinos
455 1157 586 1233 hou'orea
606 1192 623 1232 a
643 1169 836 1235 Cretensibus
857 1173 991 1236 tributos
1010 1193 1090 1252 esse,
1111 1175 1164 1257 qui

90 1275 137 1335 eie
157 1274 390 1350 recrilicassent‚
417 1291 581 1354 eorumque
604 1277 636 1332 in
658 1269 808 1334 bellorum
834 1270 1057 1334 discriminibus
1075 1293 1164 1355 opem

87 1373 307 1455 implorassent.
364 1369 428 1436 Alii
457 1371 651 1433 idomeneum
687 1370 807 1432 Cretam
834 1391 985 1434 reversum
1016 1372 1163 1434 seditione

87 1471 168 1534 incili
190 1471 343 1555 expulsum
363 1491 425 1533 esse
444 1481 475 1532 et
496 1491 610 1532 errasse
630 1469 768 1532 scribunt
778 1468 898 1552 (Virgil.
922 1467 999 1534 Aen.
1020 1469 1079 1532 iii.
1096 1491 1161 1532 120.

87 1571 190 1654 ibique
210 1575 329 1646 Serui:
352 1569 404 1632 aiii
426 1570 457 1630 in
478 1571 605 1652 patriam
629 1589 698 1630 eum
725 1569 848 1631 rediisse
867 1581 998 1652 negant,
1019 1581 1050 1632 et
1069 1569 1161 1632 Colo-

86 1671 187 1752 pbone
206 1670 356 1753 sepultum
377 1667 529 1730 affirment
551 1666 666 1748 (Sebol.
688 1667 781 1735 Hom.
802 1668 864 1729 Od.
885 1665 974 1728 Xlll.
1000 1668 1081 1750 ²953
1098 1669 1161 1752 Ly·

85 1769 221 1852 copbron
240 1771 324 1832 Cass.
348 1767 447 1850 dod).
500 1765 647 1830 Pluribus
675 1766 807 1850 disputat
826 1768 976 1828 Menrsiua
991 1765 1079 1828 Cret.
1105 1767 1160 1838 Ν.

85 1869 118 1952 d.
159 1871 205 1930 Ci'.
227 1868 329 1931 Fucbs
349 1867 476 1948 Quaest.
496 1887 526 1952 p.
552 1865 609 1950 169
627 1887 672 1950 sq.
693 1899 733 1914 -
754 1865 871 1928 tradito
899 1901 938 1914 -
960 1865 1094 1928 Membui
1110 1888 1160 1930 rc-

83 1977 162 2052 guo)
210 1967 358 2030 Desidere
389 1965 483 2028 olium
505 1963 639 2027 eiusdem
673 1967 716 2026 rei
737 1975 853 2026 testem.
906 1963 977 2026 Una
998 1987 1067 2028 cum
1088 1965 1159 2030 ido-

84 2087 192 2130 meneo
211 2088 279 2127 eum
301 2064 451 2148 sepultum
473 2085 551 2141 esse,
574 2063 664 2126 modo
684 2085 720 2126 ex
740 2062 877 2126 Diodoro
897 2063 1081 2126 audivimus.
1097 2064 1159 2142 ¹rit·

84 2187 144 2248 que
166 2170 197 2228 in
225 2167 388 2226 Idomeneo
424 2175 454 2226 et
473 2164 611 2226 llierioue
629 2165 722 2244 stirpe
742 2166 825 2246 regia
845 2165 1026 2244 intercepte,
1050 2165 1159 2226 Cretae

83 2287 211 2348 reguum
238 2263 420 2347 reipublicae
440 2264 569 2324 formam
600 2265 725 2343 accepit.
745 2281 777 2328 v.
806 2263 919 2328 Meura.
944 2263 1025 2328 Cret.
1047 2261 1102 2329 lv.
1126 2263 1157 2326 5.

85 2365 220 2426 Cressam
243 2365 394 2426 civitatem
414 2365 446 2424 in
468 2359 673 2442 Paphlagonia
693 2359 859 2422 Marionem
879 2359 1060 2436 condidisse,
1091 2370 1157 2424 tra·

85 2463 131 2524 alit
151 2461 298 2547 Stephon.
320 2463 390 2546 Byn.
416 2481 448 2522 v.
472 2457 620 2539 Κρῆσσα.
732 2517 735 2524 ,

164 2564 234 2628 Vii.
273 2561 358 2647 apud
374 2559 524 2622 Molossos
540 2578 687 2618 naues-
706 2553 817 2639 reficit)
855 2557 942 2620 Fecit
961 2557 1066 2641 Dictys
1085 2579 1159 2622 cuns

85 2663 143 2741 iis,
166 2664 219 2744 qui
241 2663 393 2722 maritimo
423 2660 535 2720 itinere
558 2652 791 2736 Neoptolemum
811 2677 929 2719 errasse
951 2656 1156 2738 tradiderunt,

81 2770 118 2823 ut
134 2761 221 2824 Hom.
245 2761 308 2820 Od.
331 2757 471 2822 xtsta.
495 2765 525 2817 et
549 2765 616 2836 post
636 2771 706 2814 eum
729 2752 777 2814 vei
796 2753 928 2836 plurimi.
949 2756 1083 2821 Pedibus
1103 2759 1153 2818 iu.

83 2863 213 2922 atituisse
233 2861 314 2920 viam
334 2856 443 2919 cecinit
464 2855 578 2938 Augias
601 2853 744 2916 Troezen.
774 2854 807 2914 in
827 2854 942 2935 Nostis,
959 2866 993 2934 et
1011 2857 1062 2938 qui
1084 2877 1154 2918 euru

84 2968 200 3020 secutus
220 2970 265 3018 est
284 2953 485 3038 Apollodorus
511 2952 593 3036 apud
613 2951 712 3016 Tacta.
733 2951 771 3014 ad
791 2953 942 3038 Lycopbr.
961 2975 1035 3040 90²·
1053 2955 1155 3040 Argu·

81 3068 215 3118 mentum
236 3053 354 3118 scbulae
363 3054 480 3138 Augiae
499 3055 530 3114 in
541 3050 725 3118 ProciiExo.
734 3051 794 3114 boc
808 3062 854 3114 eet
867 3075 877 3114 τ
889 3047 1103 3134 Νεοπτόλεμος
1118 3057 1154 3120 di

83 3153 210 3227 Θέτιδος
236 3151 432 3236 ὑποθεμένης
459 3150 539 3234 πεζῇ
568 3153 700 3212 ποιεῖται
728 3145 786 3232 τὴν
809 3151 960 3231 πορείαν,
980 3149 1036 3216 κατ’
1052 3177 1154 3236 παρα-

79 3247 239 3335 ’γενὸμενος
259 3253 305 3324 εἰς
327 3246 454 3336 Opperiar
474 3245 620 3312 Od'uooio
647 3241 881 3328 καταλαμβάνει
901 3247 935 3312 ἐν
955 3251 1154 3340 Μαρωνείᾳ,

80 3353 135 3414 κατ’
167 3347 202 3412 τὸ
231 3344 339 3414 λοιπὸν
369 3341 459 3410 dvalai
486 3345 541 3426 τῆς
563 3341 652 3408 delusi.
702 3341 756 3408 καὶ
774 3343 1000 3429 τελευτήσαντα
1022 3347 1155 3415 Φοίνικα

80 3445 207 3512 θάπτει·
251 3443 349 3520 αὐτὸς
368 3445 402 3508 di
423 3444 468 3519 εἰς
488 3438 678 3517 Μολόσσανς
699 3439 890 3528 (ἐφικόμενος
910 3445 1154 3530 coemptum

81 3551 194 3631 Πηλεῖ.
237 3549 311 3610 Pust
327 3560 436 3630 septem
453 3545 517 3608 dies
529 3543 568 3606 ad
591 3541 738 3606 llioioaeos
758 3547 901 3625 venisse,
926 3567 960 3608 ex
981 3547 1079 3631 Angla
1098 3549 1153 3612 ad·

80 3653 142 3714 iicit
161 3648 370 3732 Apollodorus.
412 3647 541 3728 Augiam
558 3643 735 3706 intellexisse
745 3647 891 3710 Molossos
911 3647 1098 3729 Thessaliae,
1117 3673 1153 3714 ox

79 3751 241 3827 adiunctis,
259 3749 419 3832 praecipue
440 3767 474 3807 ex
497 3744 643 3826 temporis
661 3745 779 3826 spatio,
805 3767 866 3828 quc
889 3747 1060 3810 coniectum
1080 3753 1153 3828 iter,

79 3849 268 3912 manifestum
290 3857 346 3916 est.
387 3845 518 3908 Eosdem
538 3844 703 3926 significare
723 3844 852 3928 Dictyn,
877 3866 947 3906 curn
966 3869 1002 3910 ex
1025 3870 1155 3932 aequen-

78 3951 160 4010 tibus
193 3960 223 4010 et
248 3969 314 4030 cap.
350 3947 386 4008 15
416 3955 491 4006 extr.
527 3943 740 4022 confirmetur,
768 3955 833 4005 tum
859 3946 909 4006 rel
929 3967 965 4008 ex
985 3968 1048 4028 eu,
1071 3951 1154 4032 quod

78 4070 142 4130 cap.
158 4051 189 4112 8.
214 4049 338 4108 scribit:
360 4043 603 4127 Neoptolemum,
625 4063 694 4104 eum
717 4063 736 4102 u
754 4043 893 4106 Molossis
913 4045 1069 4128 solvisset,
1086 4047 1153 4112 irie·

78 4151 134 4210 mis
153 4147 277 4210 saevitia
297 4145 425 4208 multum
447 4144 523 4204 meri
547 4153 686 4202 vexatum
706 4142 746 4204 ad
765 4143 925 4222 Sepiadum
951 4145 1034 4208 littue
1056 4167 1164 4230 appu--

79 4247 155 4314 iisse.
198 4249 303 4308 Ser*
325 4255 424 4294 ···⁸⁶*·=
457 4243 698 4324 promontorium
717 4253 762 4305 est
781 4244 820 4306 ad
843 4245 1047 4328 Magnesiam,
1069 4247 1153 4314 haud

108 4558 149 4656 1
