2726 4686
273 77 289 116 t

281 335 327 406 ll
386 325 389 330 ¹
665 355 783 408 orcms
808 357 984 408 camuros

278 565 394 652 atque
409 573 562 624 omnem
579 549 736 628 domum
754 573 861 626 suam
880 549 1213 628 commendaverat·
1252 551 1319 647 Qu

280 682 491 768 postquam,
511 685 549 740 et
563 666 681 741 Ulixis
699 663 902 741 consilium
918 663 1148 768 patefactum
1161 682 1226 756 est,
1252 693 1319 742 om,

282 782 331 856 sis
363 781 560 870 omnibus,
599 807 761 887 propere
792 779 841 856 ad
879 782 1011 855 lucum
1043 779 1184 885 pergit,
1223 809 1319 883 magr

281 919 372 971 voce
396 899 614 972 Menelaum
639 917 677 973 et
702 897 771 1001 qui
803 922 960 972 cum-eo
985 914 1103 985 erant,
1131 897 1319 972 inclaman

281 1009 329 1086 ab
362 1013 612 1112 inquietudine
644 1013 862 1113 Iphigeniae
894 1010 1107 1085 cohiberent
1130 1037 1226 1096 sese,
1260 1039 1319 1086 cor

279 1126 447 1202 minatus
470 1129 698 1232 perniciem,
734 1129 774 1204 ni
808 1127 1028 1233 potuissene
1076 1127 1165 1204 Mox
1188 1127 1319 1202 attonit

159 1317 162 1324 ,
279 1241 339 1318 liis
362 1259 478 1346 atque
504 1243 789 1348 obstupefactis,
816 1244 895 1349 ipse
918 1244 1157 1346 supervenit,
1182 1243 1319 1318 reform

284 1373 400 1462 toque
425 1359 501 1434 iam
536 1359 599 1434 die
626 1360 814 1462 virginem
839 1358 1033 1436 abstrahit.
1083 1360 1244 1436 Interim
1268 1357 1319 1434 do

280 1471 504 1550 iterantibus
536 1475 702 1566 cunctis,
737 1473 929 1578 quidnam
951 1475 1009 1549 vel
1035 1471 1104 1550 ubi
1128 1491 1229 1558 esset,
1254 1501 1319 1576 qut

280 1589 471 1666 immolari
507 1590 720 1680 iuberetur,
756 1615 865 1666 cerva
900 1590 1023 1666 forma
1048 1589 1217 1694 corporis
1239 1589 1319 1664 adn

281 1705 404 1782 rande
427 1725 516 1783 ants
541 1707 661 1813 ipsam
687 1733 794 1784 aram
819 1705 1012 1811 intrepide
1038 1705 1215 1782 consistit
1265 1708 1318 1780 Ea

279 1820 513 1926 praedictam
551 1821 715 1900 hostiam
754 1823 829 1900 rati
871 1821 1115 1926 oblatamque
1157 1819 1319 1896 divinitu

277 1936 619 2044 comprehendere,
655 1965 820 2043 moxque
856 1938 1066 2014 immolant.
1125 1937 1222 2036 Quis
1254 1963 1319 2042 per

276 2053 349 2130 ctis
379 2053 504 2130 sedatu
539 2056 637 2140 lues,
678 2055 874 2160 instarque
905 2056 1033 2132 aestivi
1059 2055 1238 2159 temporis
1263 2081 1319 2128 res

276 2188 407 2249 ratum
439 2190 494 2247 est
526 2172 688 2246 coelum.
747 2175 926 2248 Ceterum
966 2173 1153 2276 virginem
1191 2169 1319 2247 Achill

276 2303 395 2392 atque
428 2286 486 2379 hi,
520 2289 590 2391 qui
623 2287 809 2367 sacrificio
839 2287 1057 2394 praefuere,
1098 2288 1198 2366 clam
1228 2313 1318 2364 omn

278 2404 357 2506 regi
383 2404 620 2507 Scytharum,
645 2405 715 2510 qui
739 2429 785 2482 eo
810 2423 980 2512 tempore
1003 2403 1145 2498 oderat,
1168 2429 1316 2486 comme

279 2516 426 2598 darete.

275 2691 573 2711 *un-u·-

346 2823 422 2888 Quse
438 2832 524 2893 postq.
542 2832 569 2873 es
588 2821 677 2875 Ulixis
693 2838 765 2876 snm.
781 2819 850 2893 pst.)
887 2819 935 2872 Ed.
949 2818 1020 2872 Crat.
1042 2823 1117 2886 Quas
1131 2831 1278 2890 postquam
1294 2839 1317 2890 pt

273 2889 379 2960 legerat
397 2902 423 2944 st
443 2892 483 2962 tlt.
519 2889 642 2944 Debetur
660 2895 737 2963 peris
757 2905 818 2946 erat
841 2889 1010 2943 scholiastae.
1030 2889 1092 2942 vit.
1111 2888 1201 2942 (lines.
1238 2889 1280 2939 ne
1304 2909 1317 2940 n

274 2960 341 3010 meri
360 2957 482 3026 enallage
500 2961 533 3011 ci.
552 2959 586 3011 ssi
604 2961 636 3012 tt.
658 2963 701 3014 so.
786 2963 880 3015 endem
898 2962 970 3016 Cret.
987 2961 1059 3012 inira
1074 2961 1167 3031 pergit
1183 2957 1315 3015 Aclss'tles.

343 3027 377 3079 nb
396 3029 425 3081 in
447 3027 589 3084 uistudins
607 3031 668 3100 lplu'
687 3033 780 3102 enine)
817 3035 848 3084 ln
874 3038 991 3084 mentem
1016 3030 1053 3082 oli
1076 3029 1166 3082 osnrlo
1191 3039 1305 3081 venerat

273 3098 651 3223 {ttitoit'tt‘tti
664 3047 699 3223 ii
721 3102 882 3240 iiiiii}
904 3049 1303 3227 mlt¹iriiiils⁰id⁶fi⁰'¹''

342 3238 470 3290 nuonuis
488 3265 523 3278 —
540 3239 744 3310 obstupefactis)
778 3241 836 3293 scil.
847 3191 970 3294 Meirelsn
983 3258 1042 3293 cnm
1052 3241 1115 3291 suis.
1128 3240 1287 3308 Oppositus
1302 3243 1316 3308 ii

242 3323 245 3328 ·
272 3305 399 3359 Achilles.
425 3307 474 3360 ttd.
491 3309 564 3361 Crat.
582 3311 751 3380 stopafisctis.
783 3313 878 3366 Decet.
896 3315 1033 3368 nunnitus
1048 3340 1085 3354 -
1099 3310 1279 3383 stupefactus.
1307 3313 1316 3365 i

272 3393 320 3448 pss
338 3379 408 3430 esst
426 3381 575 3448 pernicism
593 3382 729 3442 erunibus,
748 3382 813 3435 ssiss'.

340 3448 389 3501 uel
406 3449 467 3509 ubit
503 3448 543 3502 its
562 3451 637 3503 MSS.
657 3459 685 3503 et
701 3449 750 3503 Ed.
771 3451 865 3514 Ptine,
881 3468 937 3505 non
955 3467 984 3508 ss
998 3451 1054 3506 ubi.

189 3575 194 3586 ,
245 3581 249 3587 ¹
341 3531 491 3572 rsssrstum
515 3533 554 3575 sss
579 3521 696 3586 coslum)
733 3521 800 3577 cot.
824 3521 932 3576 ileinsii
959 3523 995 3576 ssi
1018 3523 1098 3577 Osid.
1124 3523 1190 3575 rtet
1216 3522 1251 3572 ll.
1281 3523 1316 3573 52

272 3586 380 3654 legent.
399 3597 428 3641 et
445 3589 493 3644 Ed.
512 3591 596 3643 Prius„
614 3604 777 3645 serenatum.
799 3591 873 3663 qood
893 3609 910 3643 s
928 3594 1084 3660 glossatoris
1103 3609 1184 3644 manu
1202 3607 1264 3642 esso
1287 3609 1316 3643 re

272 3657 385 3712 adnotat
403 3659 564 3713 Obreehtns.
600 3662 761 3716 Ceterorum
779 3661 911 3716 librorum
928 3664 1074 3716 lectionem
1093 3673 1246 3717 mentum
1266 3661 1316 3726 Set

272 3727 327 3780 min
350 3727 499 3782 vindicarit
522 3740 630 3801 prester
650 3733 719 3785 alios
745 3735 818 3785 viros
838 3732 930 3785 doctos
949 3741 986 3794 (v.
1004 3733 1154 3802 Wopkens.
1173 3751 1199 3802 p.
1218 3731 1273 3799 si.)
1291 3736 1314 3785 B

272 3815 386 3850 mannus
405 3799 439 3852 sd
456 3801 516 3854 Vol.
535 3803 621 3856 Flaen
639 3805 658 3854 l.
676 3803 736 3861 655.
757 3804 799 3860 ct
817 3802 906 3856 Gloss.
941 3805 973 3856 lu
991 3809 1109 3876 utroque
1128 3803 1157 3860 S.
1176 3801 1249 3856 cut
1265 3805 1315 3855 etl

273 3869 359 3924 Prine
379 3885 430 3920 om.
452 3873 564 3926 coelum.

315 3940 482 4066 Ἦιαιὶιγῖεὶο
497 3942 598 4016 praef)
633 3943 763 3998 Heinsius
780 3942 799 3993 l.
819 3943 836 3994 l.
854 3959 888 3996 ss
908 3942 976 3998 Coti.
990 3959 1042 3998 sun
1060 3943 1170 4016 legebat
1186 3942 1315 3998 sossi-dot

273 4027 297 4064 s.
353 4027 368 4060 o
409 4049 415 4060 .
456 4031 523 4064 .r.
916 4039 918 4044 ·
1182 4029 1185 4037 ’

341 4027 411 4134 eliim
427 4028 530 4151 oissnes)
565 4079 786 4138 certaminibus.
823 4083 924 4135 lisdem
944 4085 1062 4137 varietas
1080 4084 1128 4136 lib.
1146 4083 1178 4135 il.
1201 4087 1240 4137 sil.
1272 4085 1315 4136 cu

271 4159 403 4220 sequente
414 4153 507 4204 ,lenos
523 4153 672 4206 sexcenties
684 4153 784 4217 legitur
801 4153 875 4221 apud
893 4155 1026 4212 Plnutnm,
1045 4173 1094 4207 uec
1111 4171 1171 4204 raro
1188 4153 1264 4216 apud
1282 4155 1309 4204 sl

273 4219 312 4272 Gi·
323 4221 415 4276 lisina.
430 4223 470 4284 ¹nd
487 4223 563 4278 ovtt
578 4222 641 4276 Met.
654 4224 685 4275 ll.
698 4225 755 4294 ⁵²9·
774 4233 801 4276 et
819 4223 994 4296 Oudendorp.
1008 4223 1043 4278 sd
1056 4230 1131 4281 Aust.
1148 4225 1182 4278 tle
1195 4225 1225 4280 li.
1242 4225 1314 4294 llisp
