2698 4688
273 353 342 402 LXX
733 308 909 432 Putitzo'rlu

271 561 326 600 arra
345 539 488 601 lrausiass.
528 535 650 600 Etenim
676 533 832 617 Agenores
853 537 940 600 luere
957 537 1076 622 plures,
1095 555 1203 623 nempe
1221 535 1288 602 Side

273 639 346 718 ille,
370 653 456 722 puter
476 637 639 701 Phoenicis
660 647 692 699 et
710 636 837 716 Cadmi,
869 639 948 702 alius
968 649 1054 724 pater
1079 639 1189 702 Phinei
1212 641 1288 702 Thra

273 739 357 800 illius
378 739 419 799 ab
442 739 586 820 Harpyiis
611 737 731 812 vexati,
754 736 793 797 de
815 759 877 820 quo
898 737 1003 801 Valer.
1023 736 1151 800 Flaccus
1173 739 1288 822 Argon.

271 837 334 916 444
365 839 435 899 Νοη
455 859 507 920 ego
527 859 604 898 nune
624 857 736 918 magno
757 837 840 922 quod
857 853 951 900 creua
973 838 1111 920 Agenore
1133 839 1277 917 Plirrercs,

270 957 516 998 commemorem.
568 937 708 1018 Denique
732 957 808 998 avus
838 937 956 1016 Ledae,
986 937 1104 1000 Thestii
1132 938 1234 1000 Aetoli
1261 961 1288 1022 pr

270 1037 336 1098 llos
356 1057 484 1106 omncs,
513 1047 611 1098 aetate
639 1046 669 1098 et
694 1037 792 1119 patria
817 1034 889 1100 licet
911 1036 1063 1118 diversos,
1097 1038 1127 1098 in
1154 1039 1288 1100 unumS

268 1137 355 1195 nium
384 1133 513 1196 eontulit
532 1136 655 1218 Dictys,
678 1135 752 1197 dum
788 1134 827 1197 ad
849 1135 936 1197 illum
962 1137 1053 1198 refert
1080 1137 1226 1220 originem
1258 1139 1288 1197 Li

268 1243 299 1296 et
329 1233 491 1296 Hecubae:
524 1245 555 1296 et
579 1247 732 1317 praeterea
753 1257 845 1319 quem
868 1235 1017 1319 Agenoris
1038 1235 1133 1298 lilium
1154 1235 1203 1298 lrie
1225 1235 1288 1298 Pin

266 1353 330 1394 nem
350 1334 434 1408 dicit,
457 1355 527 1396 eum
551 1334 621 1396 dein
645 1335 703 1395 lll.
722 1335 754 1396 5.
773 1345 805 1396 et
828 1335 885 1396 tv.
901 1355 953 1396 aa.
975 1337 1122 1398 Pluirerrm
1142 1333 1286 1418 appellat,

267 1435 369 1516 sitque
392 1455 530 1495 socerum
549 1434 705 1507 Dardani,
728 1432 811 1496 unde
831 1455 915 1517 reges
936 1435 1076 1513 Troiani,
1097 1445 1128 1495 et
1153 1436 1218 1518 ipse
1240 1435 1288 1518 Dy

262 1543 353 1616 pater
371 1533 521 1621 Hecubae.
564 1535 708 1596 Ceterum
728 1554 762 1595 ex
782 1533 898 1623 Malela
919 1544 1017 1616 petet,
1041 1533 1117 1596 nihil
1136 1534 1186 1595 hie
1206 1537 1238 1595 iu
1255 1536 1288 1596 Se

265 1635 329 1694 mio
350 1633 399 1694 vel
420 1633 530 1716 Dietye
551 1625 744 1695 mutandum.
786 1631 846 1694 Sed
869 1642 900 1695 et
919 1635 1084 1716 posteriora
1107 1631 1252 1711 Malelae,
1276 1657 1288 1718 4

264 1736 375 1795 tentari
397 1734 486 1796 video
506 1755 524 1795 a
545 1735 666 1801 doctiss.
687 1735 752 1796 eius
774 1731 907 1811 editore,
937 1733 991 1817 qui
1012 1730 1110 1795 voluit
1129 1727 1185 1793 καὶ
1199 1728 1259 1814 τήν
1281 1783 1288 1798 .

265 1832 340 1907 dur,
370 1836 442 1896 satis
471 1833 545 1896 milri
574 1833 698 1916 quidem
725 1831 869 1896 videniur
900 1835 1029 1916 integra.
1081 1831 1179 1915 Saepe
1201 1835 1283 1894 entim

263 1945 369 1996 auctor
389 1937 420 1994 in
443 1933 547 1996 eadem
568 1936 705 1995 oratioue
723 1932 848 1994 modurn
866 1931 1009 2016 loquendi
1027 1933 1155 1994 mutavit
1176 1954 1211 1994 ex
1235 1932 1288 1993 diu

262 2035 294 2095 in
315 2033 509 2112 indirectum,
530 2055 566 2094 ex
586 2033 673 2094 linito
693 2035 725 2094 in
750 2032 912 2100 infinitum.
954 2033 1164 2116 Respiciantur
1185 2033 1288 2094 modo¹

263 2135 347 2216 ipsa,
379 2153 457 2216 quae
477 2117 613 2216 proxime
636 2135 792 2216 superiore
811 2131 1001 2216 paragrapho
1026 2129 1228 2194 exhibuimus.
1274 2131 1288 2196 S

261 2253 314 2296 sus
335 2254 410 2296 vero
430 2244 494 2309 est,
517 2233 626 2296 dixisse
648 2232 794 2294 Helenam
816 2231 891 2294 haee
917 2235 1000 2316 ipsae
1032 2217 1091 2294 Ea·
1117 2251 1223 2314 genere
1250 2253 1288 2294 au

261 2331 385 2412 Dyntae
415 2333 504 2417 (nam
535 2335 647 2395 rectius
666 2334 708 2394 ita
729 2333 891 2414 Septimius
911 2343 1030 2410 noster,
1059 2353 1150 2415 quam
1171 2329 1288 2394 Melelat

261 2432 418 2495 Cedrenus
437 2433 562 2514 Dymas)
585 2433 678 2494 etiam
698 2431 786 2494 leda
814 2453 844 2494 se
871 2453 931 2494 erae
954 2431 1088 2495 dieebat.
1130 2432 1226 2494 Plane
1245 2443 1288 2493 ut*

230 2533 232 2540 ’
259 2529 330 2594 dem
350 2533 518 2594 mutatione
538 2531 681 2614 loquendi
702 2530 878 2594 Cedreuuse
907 2529 944 2594 itt
962 2531 1071 2611 γένους
1088 2529 1128 2594 ti
1154 2531 1211 2592 sori
1236 2528 1288 2594 Ao

259 2626 318 2692 arei
345 2624 444 2712 Aina
473 2626 542 2694 ἐστὶ
560 2625 664 2714 μήτηρ
696 2623 820 2713 slipis
855 2630 926 2693 lieet
959 2642 990 2692 et
1022 2633 1088 2693 istie
1119 2633 1273 2714 superiora

259 2731 411 2793 inlinitum
440 2736 502 2794 sint
528 2733 671 2815 exposita.
714 2731 925 2793 Subiieiuutur
955 2731 1037 2793 hisee
1069 2731 1139 2794 dein
1168 2732 1250 2814 apud
1284 2733 1288 2794 l

258 2848 381 2910 omum,
414 2831 572 2908 Malelem,
609 2831 779 2894 Cedrenum
801 2843 832 2892 et
850 2831 1049 2913 Septimium,
1079 2832 1201 2892 eaedem
1217 2831 1288 2894 Hele

256 2949 372 3012 preces,
393 2953 489 3007 orare,
511 2951 550 2992 ne
568 2951 610 3004 se,
632 2953 710 3016 (μοι
728 2932 821 2992 semel
839 2931 983 3017 infidam
1005 2951 1107 2992 eonem
1128 2943 1246 3016 recepta
1265 2955 1288 2992 er

168 3036 170 3044 '
252 3029 448 3114 pmderrdam
465 3043 621 3114 paranni,
642 3052 680 3091 ea
699 3051 796 3092 seorim
815 3031 907 3092 domo
928 3031 1088 3105 Menelai,
1113 3051 1192 3116 quae
1216 3053 1288 3116 pro}

245 3130 400 3213 finirent,
436 3131 519 3191 nilril
541 3143 701 3214 praeterea
723 3130 870 3190 allatum.
919 3130 1076 3192 Malaios:
1096 3119 1211 3215 ᾔτησεν
1233 3130 1288 3192 erin

227 3309 231 3318 ,
256 3221 427 3308 ὃρκοῦσασο
446 3223 491 3308 μὴ
513 3226 721 3309 προδοθῆναι,
743 3223 800 3288 καὶ
815 3227 949 3309 liparea
971 3227 1286 3312 perincolumem

256 3325 432 3410 εἰληφέναι,
457 3321 538 3390 ἀλλά
556 3321 595 3388 rei
615 3321 685 3389 itia
703 3321 785 3406 μόνα
802 3323 908 3409 itero
927 3323 1024 3408 ἔχειν.
1070 3330 1161 3392 Hisce
1181 3329 1288 3392 dietis

256 3427 336 3488 cuba
360 3426 464 3489 itidem
497 3427 581 3510 apud
611 3437 776 3510 utrumque
802 3428 912 3508 fertur,
932 3448 1000 3492 eam
1021 3427 1189 3511 complexa,
1211 3431 1288 3490 omui

254 3529 384 3589 maxime
406 3527 548 3610 deinceps
568 3526 745 3590 defendisse.
787 3526 875 3590 Adeo
895 3531 975 3590 inter
995 3549 1028 3590 se
1049 3531 1244 3592 conveniunt
1275 3529 1288 3592 l

254 3627 371 3705 omnia,
393 3637 428 3688 ot
450 3629 601 3688 neminem
622 3638 725 3710 putem
745 3638 939 3711 negaturum,
961 3639 1127 3712 utrumque
1140 3628 1180 3689 ab
1202 3649 1267 3690 uuo

175 3793 176 3798 1
252 3725 356 3788 buisse
384 3747 419 3786 ea
452 3736 596 3800 auctore,
629 3739 660 3788 et
685 3747 776 3810 quem
797 3738 985 3803 memorant,
1019 3749 1082 3789 uuo
1103 3728 1231 3811 Dietye:
1256 3739 1288 3788 at

251 3827 296 3888 ita
324 3837 463 3888 nostrum
492 3847 598 3888 revera
621 3829 773 3889 Graecum
800 3826 888 3888 illum
908 3828 1041 3910 Dietyu,
1070 3841 1105 3890 ut
1120 3818 1205 3902 erut,
1238 3827 1288 3886 La.

252 3929 444 4010 reportasse,
465 3927 548 4008 quod
569 3931 631 4010 ipse
651 3929 713 4004 ait,
737 3939 768 3990 et
789 3947 845 4010 ego
865 3927 1058 4010 probandum
1080 3947 1281 4010 susceperam.

333 4026 416 4092 Xlll.
460 4027 545 4088 ldern
568 4047 642 4088 vero
663 4038 816 4108 agnoscet,
846 4029 1021 4111 quicunque
1041 4047 1112 4088 cum
1134 4026 1248 4088 Malaia
1270 4049 1288 4086 e

250 4125 331 4187 ferre
360 4129 450 4186 etiam
482 4125 566 4188 volet
595 4139 732 4188 nostrum
764 4128 847 4210 Sept.
880 4128 920 4188 ll.
958 4129 1005 4189 rii.
1042 4127 1081 4188 de
1111 4125 1288 4210 Polymnest

249 4224 405 4292 Threcum
425 4247 505 4312 rege,
529 4228 568 4291 ad
589 4231 761 4313 pastionem
785 4241 816 4291 et
835 4228 1020 4292 deditionem
1041 4228 1169 4309 adacto,
1189 4228 1228 4290 de
1248 4227 1288 4290 Pr
