2782 4700
1072 123 1081 165 l

416 341 510 411 aum
543 339 687 392 moram
721 339 786 390 utu
813 344 862 392 m.
1108 323 1180 396 223

85 549 365 630 dissensionem
389 549 641 656 popularium
664 545 904 629 multimodis
928 547 1180 654 periclitanti,

87 671 175 774 ipse
198 667 316 746 etiam
341 664 544 746 insidiatus
564 683 666 743 esset
718 663 778 740 Ad
803 683 1039 770 postremum
1065 665 1182 742 intar-

88 809 200 862 oessn
230 781 427 860 Idomenei
451 799 618 886 uterque
650 779 876 858 conciliatus
899 780 971 858 sibi
998 778 1181 857 Lacedae·

89 925 251 1004 monam
275 896 445 976 discedit.
495 897 557 977 lbi
572 899 780 987 Menelaus,
804 895 918 974 sicuti
942 913 1182 988 convenerat,

89 1015 346 1090 Hermionam
371 1014 416 1092 in
445 1014 740 1092 matrimonium
765 1013 893 1092 Oresti
919 1010 1134 1118 despondit.

194 1132 242 1204 V.
290 1129 499 1208 Periclem
533 1150 683 1238 tempus
708 1131 836 1208 Ulixes
859 1133 1011 1208 Cretam
1044 1129 1184 1235 appul-

89 1269 159 1323 sna
180 1260 237 1322 est
262 1243 411 1324 duabus
435 1249 675 1328 Phoenicum
700 1248 879 1334 navibus,
903 1243 1090 1324 mercedis
1116 1269 1182 1351 pa·

90 1381 158 1440 cto
183 1361 366 1467 acceptis:
390 1389 557 1470 namque
571 1391 656 1442 suas
680 1391 772 1442 oum
795 1365 904 1442 sociis
917 1381 1035 1466 atque
1061 1361 1185 1438 omni·

89 1477 179 1568 bns,
203 1501 305 1581 quae
327 1501 374 1554 ex
396 1481 509 1556 Troia
543 1480 749 1572 habuerat,
775 1479 943 1585 pervim
966 1475 1184 1554 Telamonis

91 1591 293 1670 amiseram
314 1591 460 1670 scilicet
484 1593 610 1675 inlecti
642 1598 692 1674 ob
718 1597 867 1672 illatam
890 1621 961 1700 per
985 1620 1075 1670 eum
1101 1592 1184 1670 filio

91 1731 250 1786 neoems
274 1709 337 1785 vix
361 1709 441 1816 ipse
465 1709 649 1791 liberatus
681 1712 873 1790 industria
900 1711 971 1788 sui.
1021 1714 1185 1788 Percon-

93 1825 275 1929 tantique
287 1825 503 1918 Idomeneo,
528 1827 669 1930 quibus
693 1855 744 1906 er
755 1829 875 1908 causis
901 1829 944 1904 in
965 1844 1088 1904 tantas
1114 1827 1185 1902 mi·

92 1939 212 2018 aerias
235 1939 458 2035 devenisset,
490 1943 629 2020 erroris
655 1944 812 2024 initium
839 1970 998 2020 narrare
1023 1940 1184 2046 occipit:

91 2079 173 2157 quo
192 2074 305 2156 pacto
337 2059 514 2160 appulsus
536 2057 734 2144 Ismarum,
767 2063 881 2138 malta
906 2057 993 2135 inde
1015 2080 1086 2159 per
1110 2054 1185 2132 bel-

92 2171 174 2244 lum
196 2177 365 2275 quaesita
386 2171 531 2274 praeda
562 2179 820 2272 navigaverat
853 2176 1100 2278 oppulsuaque
1130 2169 1185 2248 ad

95 2287 358 2392 Lotophagos,
392 2307 503 2392 atque
533 2289 691 2366 adversa
703 2291 868 2390 fortuna
902 2317 1001 2380 suus,
1027 2287 1185 2366 moena-

95 2407 150 2478 rit
187 2407 228 2478 ia
259 2405 442 2480 Siciliam:
478 2405 543 2481 abi
570 2433 641 2508 per
668 2406 832 2510 Cyclopa
864 2427 899 2480 et
921 2409 1184 2506 Laestrygona

92 2629 393 2654 Μ

94 2759 288 2888 gere-'inque
304 2767 351 2832 ils,
370 2779 442 2836 quae
459 2761 717 2842 bartrecntaesuqt.
729 2759 1008 2832 Orelliusauapieatur
1028 2779 1111 2820 saraa
1129 2763 1184 2818 ira.

186 2847 220 2884 te.

119 2848 349 2976 gresmarlaiarodis)
368 2905 439 2958 Crat.
461 2906 555 2960 multia
572 2901 666 2956 modis.
686 2919 710 2954 v.
730 2901 765 2955 ad
783 2916 806 2958 c.
829 2915 853 2951 a.
889 2892 1014 2968 Pro'seq.
1032 2901 1184 2956 insidiatur

97 2971 165 3028 libri
184 2977 269 3026 nostri
296 2977 480 3047 periclitatas.
509 2976 569 3033 scil.
586 2974 738 3044 proximum
760 2971 938 3042 periclitanti
954 2973 1091 3024 resonavit
1105 2972 1186 3026 doce-

96 3045 554 3170 Pulmdlllldmltdlllntcm‘
574 3045 773 3167 ’'²hifl'²⁶{,l‘'.⁰‘¹‘⁸
782 3039 1184 3170 ι1.ἑισ.ά8αιιιᾳιιοιιι1.ιιοοίιιιιὶιιιιιιίιιιξιΙ

97 3131 164 3166 narr
212 3131 311 3169 esar
379 3155 384 3167 .
427 3134 455 3171 ra
487 3133 580 3178 ,oiim
640 3156 648 3171 .
698 3129 764 3166 rrae.
824 3131 853 3167 cr
909 3130 1018 3176 morare,
1058 3127 1066 3142 ²
1163 3129 1173 3164 ι

96 3181 214 3236 editici
231 3187 325 3256 scripti
343 3185 591 3241 Lacedaemona-v.
610 3185 644 3236 ad
662 3185 724 3238 1.5.

168 3255 362 3322 Hermionam)
379 3259 476 3311 Forma
492 3257 659 3318 Hermiona,
677 3273 721 3318 oe,
742 3259 815 3307 recle
833 3269 862 3304 ae
881 3251 966 3306 babet
984 3252 1124 3304 nicom.
1146 3265 1185 3302 aa.

100 3325 131 3376 13
149 3331 178 3376 el
194 3329 232 3392 ιξ.
254 3329 418 3382 auctoritato
440 3329 574 3380 librorum
593 3343 715 3380 meorum
733 3330 762 3376 et
783 3322 830 3376 Ed.
850 3322 917 3378 Oba.
954 3323 1018 3376 Eam
1035 3326 1186 3388 agnoscunt

94 3409 119 3450 c.
141 3411 173 3446 ιο
192 3405 222 3448 et
242 3414 281 3452 ra.
300 3399 382 3452 ctiam
399 3399 476 3457 tiss,
495 3395 695 3465 Oudendorpii,
713 3411 795 3467 quern
815 3393 941 3462 pluribus
960 3395 1022 3446 vide
1042 3393 1186 3459 ‹lisputam

94 3463 303 3536 tardarant.
325 3469 391 3523 Met.
410 3470 444 3526 ll.
462 3487 488 3540 p.
507 3485 550 3540 97.
595 3469 704 3538 Ubique
721 3467 756 3520 ab
777 3467 943 3526 Hermiona,
965 3466 1148 3520 Hermionam.

167 3534 201 3586 V·
235 3539 385 3612 appulsus)
421 3542 448 3596 S.
468 3539 541 3598 Gall.
557 3556 608 3592 ser.
629 3539 673 3595 tx.
692 3551 708 3588 a
729 3553 763 3588 ιιι.
781 3551 821 3604 ρι.
839 3533 977 3607 depulsus.
1013 3535 1086 3588 lnlra
1104 3533 1182 3596 Bora.

93 3611 127 3658 el
143 3601 170 3654 S·
190 3607 262 3661 Gall.
280 3629 346 3682 opp.
365 3630 416 3664 rua
435 3629 494 3664 eum
510 3611 604 3664 sociis.
623 3607 670 3661 Ed.
689 3607 761 3660 Crat.
779 3623 852 3659 suos.

164 3673 231 3746 filio
248 3685 352 3752 aecem)
389 3681 464 3734 Libri
482 3684 535 3734 ruci
546 3681 616 3802 plin
643 3695 736 3732 aecem
751 3673 905 3736 Palamedi.
941 3674 1087 3744 imperitus
1103 3669 1184 3724 sebo-

90 3747 192 3798 linus
212 3754 331 3804 nescirit
349 3752 507 3806 Telamonis
525 3751 542 3800 fi
557 3753 613 3802 ium
633 3747 720 3801 latiare
736 3748 855 3801 Aiacem.

166 3817 308 3874 inmutata
326 3826 383 3896 stri)
426 3823 466 3874 lta
491 3831 607 3892 ratesque
635 3821 663 3876 S.
682 3817 754 3870 Gall.
772 3823 801 3869 ei
820 3814 868 3867 Ed.
887 3815 991 3872 Ptine,
1008 3829 1064 3864 uon
1081 3830 1142 3866 sun.
1162 3827 1185 3859 v.

91 3887 188 3940 Groa.
209 3891 245 3940 nd
264 3893 284 3945 l.
298 3897 338 3948 23.
361 3897 392 3945 ln
412 3892 521 3956 iisdem,
538 3900 571 3944 nt
587 3899 615 3942 ct
632 3891 683 3944 Ed.
701 3887 768 3942 Obr.
785 3885 1109 3956 moxpcrcorstoariquc,
1123 3897 1185 3934 ‘uon

89 3971 238 4028 prrcuoct.
257 3979 280 4014 v.
300 3964 334 4015 ad
354 3965 400 4016 lll.
421 3982 446 4034 9.

168 4028 315 4099 finarum)
351 4037 446 4094 lim,
471 4033 497 4086 S.
517 4031 592 4086 Gall.
621 4047 683 4100 opp·
703 4036 732 4082 et
748 4023 798 4081 Ed.
815 4026 901 4078 Ptine
925 4023 1100 4076 Zsbmiraum.
1137 4021 1175 4074 Ed

90 4099 169 4151 Crat.
185 4101 335 4156 Zimaram.
358 4115 389 4157 ut
415 4107 483 4157 citat
501 4103 583 4158 etiam
600 4097 755 4156 Cbimeald.
773 4097 808 4150 ad
826 4093 918 4150 lllalcl·
937 4111 963 4163 ρ.
986 4094 1043 4161 115.

169 4169 301 4245 Cyclopa)
340 4177 420 4227 lleclc
438 4176 476 4226 sic
494 4175 520 4228 S.
541 4173 613 4225 Gall.
638 4189 691 4224 see.
710 4169 753 4222 lx.
771 4177 800 4220 el
821 4167 869 4224 Ed.
888 4163 953 4218 (thr.
973 4164 1098 4218 Proxime
1116 4164 1184 4216 Lae·

89 4251 240 4310 *73⁰¹*
264 4261 286 4296 ὓ·
305 4261 330 4315 7·
368 4246 500 4302 Gltirorsa.
523 4246 558 4304 ll.
578 4247 622 4303 io.
660 4241 824 4298 Cnidiusue.
844 4239 889 4294 111.
909 4253 933 4306 7.
951 4231 1184 4308 Hippodameam.
