2724 4680
131 277 179 344 80
548 281 835 342 transmersus

135 465 291 522 aemhuos
310 477 380 522 use.
421 457 603 522 Reoentiores
624 465 717 522 antem
737 461 766 520 in
786 479 840 521 usu
859 457 972 520 ablativi
994 477 1057 520 sum
1072 461 1105 520 tu
1125 459 1241 520 Μαι

136 551 289 608 versantur.
331 546 380 606 Sis
394 563 418 604 e
433 543 465 608 4.
481 549 511 605 iu
521 549 611 624 putris
623 566 682 606 usco
695 565 747 625 pro
758 555 841 626 patre
853 553 964 610 uenatu.

222 631 255 691 ds
274 629 330 707 iris)
351 631 404 708 Sp.
425 639 456 692 et
474 632 508 694 C.
529 631 563 691 dc
582 631 625 690 iis
642 632 726 692 rebus.
775 633 861 692 immo
882 631 915 690 de
933 630 993 705 Ais,
1012 649 1050 689 sc.
1071 647 1107 689 ex
1126 648 1242 689 uumuo

136 717 339 778 eouiuratonsm
359 716 487 792 aliquem.
542 717 695 796 Sequentia
714 718 820 777 restitui
836 736 891 795 ope
909 717 960 793 Sg.
981 721 1012 775 et
1032 715 1067 773 C.
1119 714 1153 772 ln
1178 715 1244 774 ido:

136 823 191 862 ssss
203 802 368 876 mittendum,
391 821 441 880 quo
456 801 486 860 id
500 805 557 862 sius
573 823 642 882 susp.
652 805 721 882 fiot.
756 803 873 862 &lecim
887 800 1077 860 antomidus
1091 818 1148 858 esse
1160 797 1243 857 disis.

136 887 353 948 osrimudnsrts'sre
368 885 508 947 Prioruour
527 891 591 948 irat.
634 897 663 948 et
681 889 710 946 iu
731 888 796 949 hac:
819 890 867 966 poi
881 887 913 946 id
927 889 987 952 sins
1007 906 1078 964 susp.
1096 893 1172 944 umet
1186 905 1243 943 ns·

137 973 282 1036 reomao
301 993 363 1035 esse.
383 971 527 1036 Auimcsds.
544 973 593 1036 Pr.
612 975 679 1034 cros
722 972 816 1034 Auses
835 974 987 1034 edebatur:
1004 977 1076 1032 still.
1096 991 1163 1045 ωε,
1181 987 1243 1029 m

136 1079 223 1137 regem
239 1061 347 1133 irotscm,
369 1059 476 1116 omissis
492 1059 598 1120 mediis.

220 1143 254 1204 ds
266 1145 376 1203 consitio
389 1145 548 1219 surrexisse)
570 1143 691 1203 Conciss
704 1142 816 1216 dictura,
835 1161 904 1223 pror
926 1142 1076 1202 surrexisse
1087 1147 1117 1200 et
1129 1141 1242 1200 condio

136 1229 245 1290 abiisse.
288 1229 333 1291 Cf.
349 1229 407 1288 Cic.
425 1229 504 1296 Verr.
516 1229 565 1289 Vi-
580 1229 621 1294 65
635 1229 684 1292 fin.
728 1227 840 1304 limetur
857 1229 890 1287 de
905 1227 973 1287 sello
989 1229 1107 1286 mr
1125 1233 1153 1284 et
1166 1227 1242 1284 nisit.

222 1333 308 1376 omnm
323 1317 494 1393 promittuut)
517 1313 575 1379 scit.
592 1333 624 1374 se
644 1314 685 1372 ita
701 1316 823 1374 tacturos
843 1333 922 1389 esse,
943 1331 1044 1391 ursnpe
1060 1311 1185 1389 aliquem
1206 1312 1242 1370 sd

136 1396 372 1476 Agamemnonem
386 1390 448 1459 esse
462 1401 592 1460 missuros
609 1405 640 1459 et
652 1405 847 1460 maturaturos.
889 1400 921 1458 Si
936 1399 980 1458 hie
999 1416 1057 1458 non
1072 1405 1120 1457 est
1136 1415 1242 1470 sensu,

136 1483 228 1546 locum
243 1505 288 1546 me
301 1505 358 1544 nou
370 1485 522 1562 intelligere
537 1487 636 1546 fateor.

223 1569 458 1650 Polydamanteis)
480 1571 604 1630 Antenor
619 1574 661 1629 est
676 1567 792 1629 Heurio.
807 1570 826 1627 Ι.
840 1587 865 1628 c.
893 1567 981 1627 Recte
993 1572 1091 1626 contra
1106 1567 1181 1626 idenr
1196 1585 1240 1625 re·

139 1654 193 1716 tert
207 1674 233 1724 c.
246 1659 287 1722 91
302 1655 349 1716 toi.
367 1661 481 1722 171⁶-
510 1653 750 1718 monumen.
767 1657 859 1734 quise
874 1652 916 1714 ists
929 1653 1239 1728 montaragon.

596 1795 648 1861 Gt
662 1820 689 1866 r,
713 1795 785 1860 XL.

222 1905 388 1986 Polydamas
408 1908 524 1968 Graecis
542 1911 671 1988 aporuit,
693 1910 848 1969 coniuratos
873 1909 968 1968 urbem
988 1907 1148 1988 prodituros
1170 1927 1240 1981 esse,

137 1993 325 2066 istosoedere
343 2003 373 2051 nt
387 1994 487 2060 Graeci
503 2003 585 2071 captu
600 2013 634 2054 ea
652 1995 801 2054 coniuratis
813 2001 966 2072 paroerent.
1010 1995 1080 2072 esp.
1097 1997 1156 2058 39:
1176 2013 1240 2071 pss-

137 2077 250 2147 dsudum
270 2096 324 2136 esse
339 2079 459 2155 potsiosu
474 2081 501 2136 st
519 2077 572 2136 ss'di
593 2081 701 2156 sucique
721 2079 868 2140 cauendum
886 2098 950 2143 ests.
1000 2079 1083 2138 isram
1099 2077 1143 2136 ill.
1156 2081 1236 2142 712:

139 2161 262 2224 Nautius
281 2161 416 2239 Argolicis
436 2163 586 2241 prodesdus
609 2163 716 2223 iudicut
739 2184 812 2224 orces
838 2164 1019 2248 Polydamas,
1047 2181 1185 2243 μαψ
1203 2165 1237 2220 iu

133 2255 246 2333 postam
254 2245 369 2327 srouda's
382 2247 529 2308 indendam
541 2247 649 2310 Iusots's
658 2253 755 2329 poscit.
805 2319 808 2327 .

220 2336 307 2394 ocrem
326 2352 354 2392 ss
374 2335 465 2394 druos
484 2339 556 2407 oet.)
577 2336 665 2395 lacau.
684 2336 762 2402 715:
787 2331 884 2396 Nestos
901 2337 991 2409 timet,
1016 2332 1107 2394 tuero
1123 2329 1241 2411 Ulyssss,

138 2417 229 2480 Furto
242 2425 325 2495 aegut
338 2417 475 2498 Pyrrhus:
496 2417 558 2481 illos
569 2423 672 2480 insuto
686 2427 822 2479 morantur
837 2420 976 2494 Pollicito,
990 2423 1015 2478 et
1023 2417 1099 2498 fulli
1109 2424 1243 2494 must,

138 2505 182 2566 lu'o
195 2507 300 2566 vincae
313 2511 412 2578 ceso,
435 2501 581 2566 Nocturnis
596 2505 702 2584 refugit
718 2506 793 2565 bellis
804 2505 928 2583 foedasse
946 2503 1116 2582 etcopiose
1157 2505 1243 2581 igitur

138 2611 182 2651 eos
198 2589 302 2668 sofotnt
314 2597 373 2650 est:
393 2570 496 2650 reintm
513 2594 584 2662 (non
605 2592 713 2651 Ulixem
733 2598 762 2650 et
785 2591 947 2665 Nestorem,
968 2591 1034 2665 sed)
1055 2608 1122 2663 eos,
1143 2589 1243 2666 quihus

138 2675 276 2756 placebat,
297 2679 328 2734 ut
341 2675 411 2738 tides
418 2675 606 2754 proditoribus
618 2683 783 2738 servaretur.
805 2675 901 2746 Quare
912 2682 977 2757 post
990 2677 1078 2736 soiius
1089 2693 1128 2736 ne
1139 2683 1242 2754 puncto

139 2761 306 2838 distinguas.

224 2849 332 2922 u'gousu
349 2861 369 2902 u
384 2839 444 2904 Pol.
462 2845 554 2920 erigi,
574 2849 600 2903 rt
613 2845 727 2924 idrpsum
740 2864 787 2924 pes
807 2845 869 2906 Sin.
878 2847 983 2924 -saittai
1004 2843 1110 2904 verrem
1126 2843 1242 2903 dixisset

138 2929 240 3005 Dares,
253 2931 329 3007 quod
342 2929 451 3005 signum
464 2949 482 2988 a
496 2929 698 3010 Polydamante
710 2931 811 2990 Graeci
826 2931 966 3011 petierint,
986 2929 1062 3008 qnod
1077 2935 1178 3006 postea
1193 2946 1242 3005 per

139 3017 273 3076 Sinonem
292 3015 330 3074 ad
350 3013 473 3073 Aeneam
496 3021 527 3074 et
546 3014 716 3076 Antenorem
732 3018 844 3084 misere.
887 3015 934 3075 Er
949 3015 1129 3093 sequentihus
1146 3013 1241 3073 eunici

138 3105 252 3180 potest,
273 3098 502 3175 Polydamantem
522 3099 591 3159 illud
609 3101 719 3180 signnm
738 3100 867 3176 dedisse,
889 3119 945 3177 qno
966 3101 1067 3179 quiris,
1087 3119 1106 3158 a
1128 3099 1242 3158 Graecis

139 3185 177 3244 ad
194 3183 307 3244 Troiam
320 3185 437 3258 missus,
457 3185 532 3244 intra
546 3187 658 3246 moenia
676 3185 859 3266 reciperetur.
899 3187 984 3256 Quod
1005 3190 1037 3244 nt
1053 3185 1242 3264 experiremur

140 3269 241 3330 Graeci
263 3268 398 3330 Sinonem
415 3269 559 3344 mhmuut,
580 3272 627 3348 qni
647 3270 729 3347 signo
750 3269 797 3330 itio
814 3273 883 3331 dato
900 3273 937 3331 ab
953 3269 1060 3344 Aenea,
1079 3268 1200 3328 Anchise
1214 3275 1240 3328 st

139 3353 282 3415 Antenore
296 3353 438 3430 cognitus,
460 3354 533 3414 intra
547 3361 642 3434 portas
658 3357 770 3433 quidem
790 3365 917 3435 reoeptus
929 3373 987 3416 uon
1000 3355 1072 3429 tuis,
1092 3356 1159 3432 qnia
1174 3373 1239 3412 nou·

140 3439 205 3499 dnm
222 3436 411 3518 Amphimaohi
432 3439 593 3499 custodibus
613 3439 704 3502 clares
726 3442 861 3501 traditae:
884 3441 936 3501 sed
954 3439 1083 3514 Aeneae,
1107 3439 1237 3498 Anchisae

139 3531 171 3585 et
184 3521 334 3585 Antenoris
352 3541 452 3584 nomeu
472 3524 588 3599 audiuit,
609 3543 666 3603 qno
685 3525 769 3606 piane
788 3527 967 3586 confirmatus
980 3531 1034 3588 est.
1077 3523 1235 3584 Deseris.

139 3607 310 3670 Perohscure
324 3605 414 3670 Dares
428 3609 547 3688 scripsit.
589 3609 631 3676 Er
650 3611 775 3671 Heusico
794 3611 911 3672 Brunsr.
927 3609 993 3670 nihil
1008 3609 1128 3688 amplius
1144 3609 1179 3668 sd
1196 3605 1237 3665 in-

112 3709 119 3718 ·
139 3693 318 3771 telligentiam
331 3693 487 3768 redundat3
507 3712 573 3756 naua
593 3695 630 3754 ab
647 3695 702 3756 hoc
719 3695 785 3758 inde
806 3697 898 3775 eapite
916 3696 972 3769 ille,
996 3695 1102 3758 Darete
1120 3697 1237 3766 deserto,

139 3776 245 3866 Dicty'is
257 3777 385 3842 historias
398 3785 529 3840 sectatur.
572 3779 723 3840 Audiamus
735 3787 829 3840 autern
846 3780 932 3840 lssau.
947 3783 1026 3845 719:

303 3863 362 3924 Res
373 3863 467 3924 turbat
478 3871 607 3944 suspecta
620 3865 716 3940 duces,
736 3866 915 3944 Phrygioque
931 3871 1040 3932 retento

302 3946 438 4008 Traditur
450 3949 561 4008 Inachio
574 3953 660 4028 legati
671 3969 738 4014 eura
749 3951 857 4010 Sinoni.

303 4030 448 4090 Promissis
462 4034 594 4094 addenda
607 4037 686 4096 tides.
729 4032 807 4096 Petit
819 4035 865 4096 iile
875 4039 991 4118 penates

305 4114 410 4189 iliacos,
432 4115 587 4194 dubiosque
601 4118 723 4180 Anchisa
735 4127 810 4182 teste
822 4122 936 4182 timores

303 4198 403 4274 Solvit,
423 4206 453 4264 et
465 4209 596 4282 acceptus
610 4205 717 4268 iurante
733 4204 875 4270 Antenore
892 4225 984 4268 voees.
