2762 4684
386 358 437 417 utt
452 357 605 416 exemto
621 359 762 416 motata
778 357 962 418 maroam.
1198 357 1222 422 ὓ

119 537 287 630 imperium
321 553 504 606 conarentur
533 562 730 630 permanere,
765 565 806 608 ne
827 543 1091 631 opprimerentur:
1125 563 1220 630 quum

116 645 180 734 ipsi
201 657 392 740 nonlessent
410 647 512 734 parati
533 645 574 709 ad
592 645 824 735 proeliandum,
850 646 958 712 navim
968 643 1218 731 conscenderunt,

116 769 138 812 a
158 761 237 814 terra
250 760 456 829 recesserunt,
480 747 612 815 Colchos
633 752 764 840 protecti
780 762 868 832 sunt,
887 752 1000 841 pellem
1021 751 1218 836 abstulertmt,

117 849 249 918 domum
261 853 379 919 reveni
393 863 475 917 sunt.

581 1021 675 1090 Car.
696 1023 753 1092 111.

216 1159 364 1225 Hercules
377 1159 511 1242 graviter
526 1161 610 1250 tulit,
637 1182 743 1244 aroge
759 1158 974 1227 Laomedonte
994 1159 1216 1226 contumeliose

113 1283 150 1326 se
169 1272 329 1328 humatum
338 1311 352 1354 ,Ι
371 1273 402 1327 et
416 1265 502 1343 eos,
519 1266 572 1348 qui
587 1285 649 1328 una
673 1253 803 1352 profecti
823 1274 910 1328 eram
925 1263 1058 1332 Colchos
1080 1285 1150 1328 cum
1162 1263 1216 1329 la-

111 1385 201 1430 sone.
249 1367 394 1454 Spartam
417 1363 458 1430 ad
484 1365 647 1434 Castorem
666 1380 697 1431 et
719 1367 875 1432 Pollucem
897 1369 996 1436 venit.
1046 1367 1117 1450 Agit
1144 1389 1215 1432 cum

110 1467 180 1564 his,
207 1481 241 1532 ut
262 1491 368 1535 secum
387 1490 460 1534 suas
479 1469 608 1535 iniurias
625 1469 808 1552 defendant,
834 1493 875 1536 ne
890 1469 1072 1537 Laomedon
1086 1473 1214 1560 impune

108 1571 198 1650 serat,
225 1571 308 1659 quod
322 1574 393 1636 illos
409 1593 428 1635 a
442 1583 522 1636 terra
536 1586 566 1636 et
583 1585 674 1662 portu
688 1576 907 1663 prohibuisset.
956 1573 1074 1640 Multos
1089 1574 1213 1638 adiuto-

107 1695 160 1738 res
177 1677 313 1755 futuros,
340 1677 426 1740 sisa
450 1675 747 1743 accommodassent.
799 1677 909 1744 Castor
933 1689 965 1742 et
979 1677 1091 1742 Pollux
1104 1676 1212 1742 omnia

104 1779 315 1864 promiserunt
337 1799 373 1843 se
391 1783 539 1860 facturos,
567 1803 646 1866 quaa
664 1783 812 1846 Hercules
831 1782 911 1848 velle
984 1781 1030 1844 Ab
1048 1780 1101 1844 his
1121 1779 1210 1845 Sala-

69 1945 73 1954 ,
103 1881 227 1944 minam
249 1885 421 1969 profectus,
446 1882 485 1946 ad
500 1883 704 1949 Telamonem
718 1887 813 1965 venit,
835 1793 982 2051 mzdm
996 1903 1085 1964 eum,
1108 1895 1141 1946 ut
1156 1904 1210 1947 se-

103 2003 178 2046 eum
190 1983 230 2048 ad
245 1985 374 2049 Troiam
394 1997 460 2065 eut,
487 1997 519 2048 et
532 1997 567 2050 ut
585 2009 657 2052 suas
673 1989 803 2052 iniurius
817 2008 868 2052 sec
937 1983 1093 2050 defendat.
1144 1985 1209 2051 Te-

104 2088 211 2150 lamon
236 2089 394 2174 promisit,
420 2089 565 2151 omnibus
589 2103 806 2178 separatum,
833 2111 912 2176 quae
933 2089 1082 2153 Hercules
1102 2091 1209 2156 velet.

102 2188 181 2252 lude
196 2188 237 2254 ad
254 2189 401 2254 Phthiam
422 2193 577 2278 profectus
599 2206 648 2256 est
669 2192 709 2256 ad
730 2195 872 2272 Peleum,
894 2204 1043 2279 rogatque
1058 2213 1147 2271 etun,
1173 2200 1207 2256 ut

103 2313 210 2356 seeum
227 2287 284 2355 ‘eat
303 2292 344 2356 ad
359 2295 502 2358 Troiam:
527 2297 741 2382 pollicitusque
760 2309 809 2360 est
828 2297 859 2359 ei
872 2295 999 2375 Peleus,
1029 2296 1207 2360 sciturum.

101 2393 182 2460 Inde
196 2395 308 2477 Pylum
327 2395 367 2460 ad
386 2397 551 2461 Nestorem
567 2401 721 2484 profectus
738 2412 800 2478 est,
826 2409 973 2484 rogatque
996 2419 1069 2460 eum
1081 2395 1205 2478 Nestor,

100 2496 180 2584 quid
193 2500 322 2562 venant.
372 2501 521 2564 Hercules
537 2500 620 2581 dicit,
640 2500 724 2588 quod
742 2499 849 2565 dolore
864 2511 1038 2564 commotus
1052 2500 1103 2578 sit,
1122 2501 1204 2563 velle

100 2621 138 2664 se
161 2603 328 2666 exercitum
348 2605 382 2666 in
397 2603 564 2686 Phrygiam
586 2603 706 2667 ducere.
756 2605 871 2669 Nestor
891 2605 1058 2666 Hercrdem
1077 2603 1204 2666 coman-

98 2702 199 2784 davit,
225 2711 412 2793 operamque
425 2727 515 2771 suam
528 2708 681 2794 pollicitus
696 2717 754 2771 est.
804 2707 968 2786 Hercules,
995 2706 1047 2768 ubi
1061 2707 1204 2770 omnium

98 2809 276 2872 voluntates
290 2811 451 2889 intellexit,
465 2831 563 2875 naves
576 2809 752 2896 quindecim
768 2817 865 2898 patet,
885 2810 1001 2872 milites
1020 2809 1115 2889 eligit.
1139 2808 1203 2874 Ubi

98 2923 223 2998 tempus
238 2910 345 2978 datum
358 2926 406 2977 est
418 2911 643 3000 proficiscendi,
656 2917 773 2978 litteras
786 2911 826 2976 ad
840 2934 912 2993 eos,
933 2933 1012 2998 quos
1029 2923 1202 2993 rogaverat,

95 3016 201 3078 misit:
228 3017 366 3100 quicum
383 3019 447 3080 suis
462 3016 643 3080 hominibus
663 3037 758 3104 quum
775 3018 953 3094 venissent,
980 3037 1036 3102 pro
1051 3016 1110 3078 ecti
1130 3025 1203 3079 sunt

96 3119 130 3180 in
148 3115 326 3200 Phrygiam,
345 3131 376 3182 et
391 3118 432 3183 ad
446 3119 573 3200 Sigeum
589 3133 683 3184 noctu
695 3132 898 3185 accesserunt.
948 3117 1026 3182 lude
1036 3017 1201 3308 {Gamalam

95 3220 253 3286 Telamon
265 3235 297 3286 et
310 3222 421 3287 Peleus
436 3225 604 3288 exercitum
618 3222 807 3304 eduxerunt3
832 3235 864 3285 et
883 3222 1016 3286 navibus
1057 3224 1090 3284 ui
1109 3243 1201 3310 prae-

96 3321 181 3392 sidio
212 3339 333 3406 essent,
368 3325 545 3406 Castorem,
576 3325 734 3390 Pollucem
758 3340 791 3392 et
809 3325 976 3394 Nestorem
1003 3327 1202 3410 reliquerunt.

94 3427 305 3492 Laomedonti
319 3431 385 3511 regi
397 3430 571 3493 nuntiatum
588 3443 644 3510 est,
670 3431 795 3494 classim
810 3429 998 3494 Graecorum
1017 3427 1056 3490 ad
1072 3427 1200 3508 Sigeum

94 3532 274 3596 accessisse.
327 3531 510 3605 Laomedon
540 3555 611 3596 cum
638 3534 773 3620 equestri
801 3535 892 3620 copia
924 3529 964 3594 ad
992 3551 1078 3594 mare
1102 3529 1199 3610 venit,
1245 3539 1262 3620 λ,

93 3635 258 3722 coepitque
273 3636 428 3722 proeliari.
478 3637 627 3700 Hercules
647 3634 689 3700 ad
702 3635 796 3701 llium
815 3637 911 3714 ierat,
939 3645 972 3696 et
987 3629 1199 3719 imprudentes

92 3739 147 3823 qui
163 3751 251 3802 erant
263 3740 297 3802 in
317 3737 434 3828 oppido
453 3759 630 3827 oppugnare
651 3741 763 3828 coepit.
814 3736 908 3819 Quod
923 3738 977 3799 ubi
991 3731 1200 3800 Laomedonti

92 3841 268 3905 nuntiatum
285 3854 342 3923 esh
363 3841 514 3931 oppidum
527 3845 566 3905 ab
581 3845 723 3908 hostibus
738 3842 926 3932 oppugnari,
947 3837 1041 3904 Ilium
1052 3839 1135 3900 illico
1147 3857 1199 3900 re·

92 3945 239 4024 vertitur3
253 3947 330 4008 etin
346 3947 456 4010 itinere
471 3947 582 4010 obvius
591 3945 717 4012 Graecis
731 3949 840 4024 sactus,
849 3945 888 4006 ab
894 3944 1028 4006 Hercule
1040 3939 1199 4026 occiditur.

91 4045 121 4110 T
123 4047 248 4110 alamon
269 4051 387 4134 primus
407 4047 559 4137 oppidum
570 4049 663 4114 Ilium
675 4048 821 4112 intravit:
843 4048 892 4110 cui
906 4047 1053 4110 Hercules
1074 4044 1198 4110 virtutis

92 4171 205 4214 caussa
218 4151 402 4234 Hesionam,
415 4152 638 4218 Laomedontis
653 4153 734 4235 regis
746 4152 853 4232 liliam,
868 4149 952 4239 duno
968 4146 1063 4212 dedit.
1114 4149 1199 4212 Lao·
1255 4225 1261 4234 ·

92 4251 252 4320 medoutis
268 4255 336 4338 filii,
350 4257 485 4344 quicum
496 4278 535 4324 eo
549 4261 680 4340 lucrant,
701 4254 890 4336 occiduntur,
907 4254 1103 4344 Hypsipilus,
1115 4251 1198 4318 Vol·
