2724 4680
174 315 218 386 8¹
275 317 436 378 osam
452 315 613 374 aaaron
629 315 680 374 utt
696 313 850 372 ummo
868 314 1009 374 motntt
1026 313 1216 372 marom„

612 532 705 601 Gar.
726 531 847 600 xum.

278 675 322 741 Ut
337 671 405 740 dies
421 671 607 739 recessionis
627 669 772 752 advenit,
794 681 995 762 tempestates
1010 691 1143 755 magnae
1158 682 1288 736 exortae

178 788 266 857 sunt,
286 791 319 842 et
329 801 386 867 per
400 781 518 866 aliquot
533 772 601 842 dies
614 789 838 842 remanserunt.
889 773 1019 841 Calchas
1035 799 1077 840 ex
1092 777 1221 858 augurio
1236 799 1284 839 re-

178 881 323 974 spondit,
348 883 454 948 inieris
466 905 531 946 non
546 898 617 946 esse
639 881 841 944 satisfactum.
878 879 1085 968 Neoptolemo
1101 881 1135 944 in
1147 892 1284 944 mentem

176 987 281 1067 venit,
304 985 515 1070 Polyxenam,
537 985 623 1047 cuius
639 1004 732 1048 causa
748 996 838 1072 pater
848 986 997 1071 perierat,
1017 1005 1080 1047 non
1096 1005 1169 1048 esse
1188 985 1223 1046 in
1235 1006 1284 1046 re-

176 1093 227 1174 gia
242 1091 415 1154 inventam.
466 1090 733 1172 Agamemnonem
743 1087 859 1175 poscit:
879 1088 1089 1174 conqueritur:
1116 1089 1283 1154 exercitum

176 1205 310 1258 accuset.
361 1195 551 1260 Antenorem
566 1191 707 1256 accersiri
718 1190 819 1254 iubet:
838 1191 978 1278 imperat,
998 1203 1031 1254 ut
1044 1193 1201 1278 perquirat
1215 1212 1282 1254 eam

178 1310 210 1362 et
226 1295 369 1361 adducat.
418 1295 451 1362 Is
470 1295 512 1360 ad
529 1297 667 1361 Aeneam
679 1295 785 1374 venit,
806 1306 841 1358 et‘
860 1293 1040 1376 diligentius
1053 1297 1220 1382 perquirit,
1241 1307 1280 1372 nt,

178 1402 431 1490 quamprimum
457 1401 565 1484 Argivi
593 1399 840 1488 proficiscantur,
872 1397 1034 1482 Polyxena
1059 1397 1282 1480 Agamemnoni

177 1518 408 1594 praesentetur:
429 1504 625 1589 Polyxenam
638 1505 685 1567 ibi
705 1513 740 1565 ut
761 1499 975 1566 absconditam
988 1503 1127 1583 invenit,
1153 1502 1194 1565 ad
1207 1502 1282 1582 Aga-

177 1631 381 1677 memnonem
405 1608 541 1673 adducit.
597 1607 809 1689 Agamemnon
837 1604 1045 1694 Neoptolemo
1065 1607 1155 1670 illam
1177 1604 1281 1670 tradit:

177 1713 267 1798 isque
283 1735 355 1776 eam
368 1711 409 1776 ad
420 1714 573 1777 tumulum
586 1713 683 1799 patris
697 1711 824 1790 iugulat.
874 1710 1091 1791 Agamemnon
1109 1711 1206 1773 iratm
1225 1709 1280 1772 Ae-

177 1835 273 1895 neae,
303 1814 387 1902 quod
410 1815 606 1899 Polyxenam
625 1811 849 1892 absconderat,
877 1835 948 1876 cum
975 1814 1121 1878 omnibus
1145 1815 1279 1901 protinas
1343 1851 1344 1858 κ

176 1919 277 2008 patria
290 1918 442 1984 excedere
459 1921 555 1983 iubet.
607 1917 728 1982 Aeneas
743 1939 815 1980 cum
832 1917 898 1982 suis
918 1918 1052 1982 navibus
1073 1917 1279 2004 proficiscitur,

176 2023 326 2090 Antenori
335 2032 459 2086 terram
476 2019 581 2086 tradit.
631 2021 846 2101 Agamemnon
864 2033 1033 2109 postquam
1054 2023 1208 2108 proiectus
1227 2031 1279 2096 est,
1343 2099 1344 2110 ἵ

175 2127 297 2190 Helena
312 2137 386 2214 post
406 2126 524 2211 aliquot
538 2123 628 2203 dies,
647 2136 772 2188 moeste
790 2126 890 2205 magis
905 2147 1000 2210 quam
1012 2125 1130 2203 alacris,
1150 2123 1279 2186 domum
1343 2137 1344 2186 ζ

174 2241 349 2318 reportatur
362 2251 433 2294 cum
448 2251 505 2294 suo
520 2227 676 2294 Menelao.
727 2229 865 2294 Helenus
883 2250 955 2294 cum
974 2225 1147 2296 Cassandra
1163 2239 1197 2292 et
1209 2227 1278 2291 lle-

177 2333 256 2398 cuba
271 2345 304 2400 et
320 2331 538 2400 Andromacha
551 2331 780 2400 Cherronesum
791 2343 910 2420 petunt.

608 2501 701 2570 Gar.
733 2501 855 2570 XLIV.

279 2645 437 2710 Hactenus
450 2644 552 2710 Dares
570 2642 726 2726 Phrygius
744 2641 872 2710 Graecis
885 2642 995 2708 litteris
1008 2640 1188 2708 mandavit:
1206 2661 1272 2706 nam

175 2749 204 2816 is
217 2745 336 2814 ibidem
351 2771 422 2814 cum
436 2748 601 2812 Antenoris
614 2748 750 2812 factione
765 2749 926 2812 remansit.
975 2745 1152 2828 Pugnatum
1164 2756 1209 2811 est
1222 2765 1272 2808 an·

175 2853 226 2918 nis
239 2851 365 2932 decem,
388 2853 550 2924 mensibus
566 2872 633 2932 sex,
653 2849 765 2915 diebus
780 2848 956 2916 duodecim.
1004 2849 1055 2915 Ad
1067 2851 1199 2916 Troiam
1211 2869 1272 2914 rue·

174 2969 248 3020 runt
261 2979 302 3022 ex
314 2957 454 3037 Argivis,
477 2957 557 3020 sicut
575 2965 643 3016 acta
659 2953 768 3018 diurna
783 2953 938 3035 indicant,
959 2975 1039 3040 quae
1057 2947 1161 3020 Dares
1180 2953 1273 3036 Pbry-

176 3061 245 3144 gius
266 3058 444 3146 descripsit,
471 3056 765 3124 DCCCLXXXVI
788 3060 888 3122 millia
910 3058 1090 3138 hominum,
1117 3053 1273 3141 usquead

175 3161 328 3249 oppidum
341 3160 517 3249 proditum:
549 3182 591 3225 ex
612 3161 758 3226 Troianis
780 3159 985 3228 DGLXXVI
998 3163 1093 3226 millia
1106 3161 1273 3224 hominum.

174 3265 294 3330 Aeneas
318 3267 473 3355 proiectus
491 3277 541 3329 est
557 3267 707 3345 naribus,
739 3265 849 3351 quibus
868 3264 1044 3330 Alexander
1064 3266 1098 3330 in
1119 3262 1273 3330 Graeciam
1342 3318 1343 3348 ,

174 3369 271 3450 ierat,
302 3390 433 3437 numero
454 3367 571 3434 XXII:
604 3389 697 3455 quem
717 3369 821 3433 omnis
843 3368 1008 3436 hominurn
1031 3381 1135 3472 aetas,
1166 3368 1273 3432 cirriter
1342 3361 1343 3392 l

174 3475 233 3548 tria
245 3473 345 3538 millia
363 3485 395 3538 et
411 3471 643 3560 quadringenti,
669 3483 774 3536 secuta
791 3484 849 3536 est.
900 3473 1090 3538 Antenorem
1101 3471 1192 3538 secuti
1205 3481 1273 3534 sunt

175 3578 238 3642 duo
250 3579 349 3642 millia
364 3589 396 3641 et
412 3577 587 3663 quingenti:
616 3572 867 3641 Andromacham
890 3589 923 3642 et
944 3579 1103 3642 Helenum
1123 3576 1203 3642 mille
1217 3571 1273 3636 du-

175 3683 267 3748 centi.
318 3682 485 3767 Hucusque
502 3679 634 3746 historia
647 3677 784 3744 Daretis.
