2766 4690
233 337 316 410 481
525 357 796 410 onsrnmuours
819 355 855 408 m
880 357 942 406 nn.
965 357 1017 406 vr.

232 545 355 629 vulgata
372 554 444 606 suut
464 546 576 608 omnia.
605 566 638 605 v.
659 546 771 605 Meum.
803 543 894 626 Cypr.
916 546 941 604 1.
963 565 1013 606 so.
1067 541 1177 604 Teucri
1198 545 1305 625 pastui

232 647 265 708 in
289 648 392 728 Cypro
416 645 586 727 regnabant
613 643 768 725 usquead
795 643 992 726 Euugomni,
1020 647 1074 726 qui
1095 643 1187 706 huius
1205 645 1306 728 stirpis

230 746 358 808 ultimus
377 755 452 806 erat.
475 744 521 806 Cf.
543 745 674 805 l’ausan.
698 745 736 808 ll.
757 741 789 822 4.

312 847 477 906 Mnestlreru
498 877 536 894 -·-
560 846 716 926 recipitur)
757 844 900 906 Occisum
910 843 1100 904 Mnestheum
1120 843 1161 906 ad
1180 843 1303 906 Troiam

228 951 319 1010 fuisse
340 947 435 1008 refert
457 945 613 1020 Plutarch.
646 944 738 1007 Thes.
758 943 821 1019 553
852 944 945 1004 Trois
964 955 1050 1026 capte
1070 965 1162 1026 usque
1185 944 1227 1005 ad
1246 947 1303 1004 hli-

227 1061 359 1112 mantem
381 1033 557 1130 navigasse,
591 1045 707 1106 Melum
728 1057 828 1106 autem
848 1066 919 1106 cum
939 1047 1085 1120 venisset,
1101 1035 1201 1106 ⁸huius
1222 1048 1301 1107 insu-

226 1149 274 1212 lae
293 1151 454 1230 imperium
482 1167 660 1228 occupasse,
692 1167 765 1228 rege
791 1145 978 1229 Polyanacte
998 1147 1162 1220 defuncto,
1199 1147 1299 1207 Tsetz.

141 1321 144 1327 Ι
225 1251 265 1312 ad
292 1253 366 1332 Lyc.
385 1271 466 1334 9¹¹3
500 1248 529 1306 in
552 1243 632 1307 Melo
664 1257 821 1308 mortuum
852 1265 943 1326 csse,
977 1257 1008 1306 et
1041 1245 1299 1327 Demophoontem

226 1369 355 1433 regnum
386 1348 578 1408 Athenarum
610 1345 782 1426 recepisse,
818 1343 931 1410 Euseb.
964 1345 1076 1404 Chron.
1108 1366 1138 1426 p.
1175 1343 1237 1423 ¹83
1272 1347 1297 1404 in

224 1452 354 1533 patrium
384 1469 556 1524 reversum,
585 1468 604 1507 a
635 1447 746 1508 Thesei
776 1444 845 1508 filiis
875 1445 1029 1528 expulsum
1051 1445 1180 1508 lberium
1201 1435 1300 1508 venis·

224 1571 274 1625 se,
312 1549 415 1609 Schol.
440 1549 479 1608 ad
500 1545 642 1629 Thucyd.
663 1549 687 1606 1.
719 1568 766 1606 rc.
791 1579 831 1592 -
857 1545 1033 1628 Clymenam
1059 1545 1195 1606 Aethrae
1215 1547 1298 1608 suisu

224 1651 334 1726 liliam,
370 1660 405 1707 ut
431 1648 481 1707 hic
513 1644 571 1707 loci
594 1645 752 1722 scribitur,
773 1643 857 1706 nullo
881 1655 1019 1708 vetorum
1039 1649 1212 1710 testimonio
1233 1649 1297 1707 niti·

222 1760 286 1811 tur.
328 1746 459 1808 Affinem
482 1767 549 1807 eam
572 1745 704 1806 Aethrae
723 1754 755 1806 et
775 1744 912 1808 Menelao
941 1746 1051 1824 fuisse,
1072 1745 1125 1808 lih.
1149 1750 1174 1810 1.
1194 1749 1227 1814 3.
1248 1767 1295 1808 su·

223 1847 375 1921 divimus,
398 1845 455 1904 uhi
475 1844 553 1906 vide.

303 1943 500 2026 Demophoon
519 1944 813 2024 -fhrismanem
869 1945 909 2006 st
933 1945 1045 2008 Thesei
1065 1945 1141 2008 filios
1162 1959 1233 2029 post
1251 1967 1294 2008 ee·

220 2054 301 2127 ptum
335 2043 460 2104 Troiam
493 2064 619 2126 regnum
650 2047 797 2127 recepisse
824 2057 950 2107 testatur
971 2047 1112 2108 Plutarch
1140 2045 1163 2113 1.
1194 2045 1219 2114 1.
1244 2047 1294 2123 (cs.

220 2145 335 2208 Euseb.
359 2141 382 2204 1.
404 2142 468 2223 1.);
493 2143 526 2206 in
546 2146 631 2206 cuiuis
661 2147 840 2206 seutentiam
862 2150 1039 2228 conspirent
1057 2149 1187 2212 Pausan.
1208 2149 1233 2210 1.
1250 2146 1293 2208 28.

221 2246 305 2306 cuius
329 2243 423 2306 verba
444 2245 655 2326 descripsimus
675 2245 714 2304 ad
734 2243 787 2306 lib.
806 2245 845 2312 V.
871 2249 928 2324 15,
948 2247 1072 2308 Tzetues
1096 2258 1127 2306 ot
1146 2246 1293 2308 Athenae·
1361 2311 1362 2314 Ἴ

221 2367 279 2423 us,
300 2345 351 2427 qui
381 2343 437 2405 sub
471 2344 703 2426 Demophoonte
724 2345 864 2406 Orestem
894 2345 1058 2407 iudicatum
1081 2345 1243 2419 scrihunt,
1264 2357 1292 2404 nt
1361 2323 1362 2346 ¹

219 2447 376 2506 audiemus
403 2443 443 2505 ad
463 2466 492 2506 c.
514 2442 554 2524 4,
585 2454 676 2530 atque
708 2444 810 2508 Schol.
834 2445 974 2530 Thucyd.
1009 2445 1077 2508 1.1.
1116 2445 1164 2512 ct:
1197 2445 1292 2508 Fuchs

219 2547 395 2628 Quaest'p.
416 2545 482 2606 188.

303 2647 469 2732 Oeneum]
495 2647 656 2724 Oeneum,
677 2667 775 2730 regem
798 2646 960 2730 Calydonis
984 2647 1014 2708 iu
1036 2646 1176 2721 Aetolis,
1203 2667 1290 2730 regno

219 2749 258 2810 ab
294 2749 384 2832 Agrii
422 2747 490 2807 filiis
519 2746 695 2829 expulsum,
731 2747 886 2808 Diomedis
923 2749 1066 2810 auxilium
1096 2749 1289 2830 implorasse,

218 2860 307 2929 etque
335 2849 373 2908 ah
403 2867 458 2922 eo,
491 2847 623 2906 exercitu
656 2845 746 2927 Argis
779 2845 892 2922 ducto,
930 2847 1058 2930 filiisque
1087 2849 1176 2931 Agrii
1205 2853 1289 2912 inter·

218 2950 304 3029 fectis
333 2959 386 3007 eut
409 2946 535 3026 iugatis,
567 2945 754 3006 vindicatum
787 2967 865 3020 csse,
899 2945 1039 3028 pluribus
1059 2960 1193 3012 narrant
1214 2949 1288 3020 Pau·
1361 2939 1362 2996 1

216 3067 281 3108 san.
308 3048 350 3107 11.
370 3045 418 3108 25.
441 3057 471 3104 et
493 3044 634 3126 Apollod.
655 3045 678 3106 1.
689 3042 719 3109 8.
740 3044 770 3110 6.
795 3045 912 3106 Verum
930 3059 1011 3130 gesta
1032 3048 1105 3108 haee
1125 3059 1197 3110 cute
1217 3043 1289 3110 Tm-
1361 3019 1362 3106 l

216 3149 298 3207 icum
322 3133 458 3223 bellum,¹
491 3145 601 3208 diserte
620 3145 693 3206 dicit
712 3145 928 3228 Apollodorus.
973 3149 1022 3211 Cf.
1044 3149 1146 3212 Fuchs
1168 3151 1286 3230 Quacst·

240 3289 247 3306 .
277 3245 341 3308 163.

216 3269 237 3329 P
299 3359 433 3430 receptus
462 3351 528 3419 est)
579 3343 677 3404 Immo
712 3343 869 3426 expulsum
901 3346 1017 3408 ltaliam
1046 3315 1183 3422 venisse,
1212 3349 1287 3408 iuter
1361 3325 1362 3390 1

217 3467 324 3508 omnes
345 3456 462 3506 veteres
496 3453 625 3504 constet.
679 3445 829 3506 Hemicus
860 3467 888 3508 c.
907 3445 957 3529 87.
977 3456 1103 3508 narrat:
1129 3449 1229 3510 Oeace
1247 3447 1288 3509 iu·
1361 3431 1362 3446 ¹

216 3547 344 3628 stigantc
375 3543 552 3604 Diomedem
575 3542 614 3602 ab
639 3541 781 3624 Aegialeo
800 3549 899 3626 petria
923 3547 1079 3630 expulsum
1103 3547 1171 3622 (sol.
1190 3547 1270 3614 156.)
1278 3589 1287 3619 ‚

216 3647 255 3707 eh
279 3648 380 3706 Aenea
406 3644 530 3702 Troiam
566 3641 707 3702 vocatum
729 3663 813 3718 esse,
845 3655 880 3706 ut
899 3645 1050 3707 Troianos
1070 3657 1181 3708 eontra
1200 3643 1288 3706 finiti·
1361 3669 1362 3716 ς

215 3767 335 3807 morum
364 3745 533 3804 invasiones
552 3753 690 3804 tueretur
723 3743 790 3818 (iol.
818 3743 925 3826 15sz
957 3743 1057 3828 quod'
1069 3768 1166 3830 quum
1196 3748 1289 3808 uasto

216 3855 328 3907 eventu
364 3843 501 3916 fecisset,
533 3841 725 3925 Aegisthum,
763 3853 947 3906 metuentem
970 3867 1009 3908 nc
1030 3850 1158 3908 maritus
1177 3843 1288 3926 magnis

215 3945 308 4025 copiis
329 3941 422 4023 ipsam
447 3941 620 4001 odoriretur
641 3939 865 4024 vindictamque
886 3956 1041 4022 sumeret,
1077 3947 1167 4005 misso
1184 3941 1287 4004 nuntio

215 4063 355 4122 rogasse,
378 4047 414 4101 ut
434 4061 544 4103 secure
571 4041 694 4102 domum
716 4043 843 4104 rediret.
865 4045 935 4122 Quo
954 4047 1064 4106 nuntio
1083 4047 1216 4128 gavisum
1236 4063 1287 4124 pe-

214 4141 501 4221 triamrepetiv'isse
512 4142 690 4204 Diomedem
712 4154 742 4204 et
761 4165 871 4226 magno
893 4145 1009 4208 honore
1029 4169 1048 4208 a
1069 4151 1130 4208 suis
1153 4167 1215 4208 esse
1236 4161 1284 4206 re·

215 4251 336 4320 ceptum
358 4239 426 4311 (sol.
451 4241 550 4316 illl).
