2808 4686
185 333 258 406 326
532 349 747 404 onossmuuu
771 351 838 400 mu
865 347 919 402 ιιι.

185 538 366 624 Artopoeus
393 541 426 605 iu
446 538 516 602 lod.
535 558 566 603 r.
583 560 642 622 per
661 538 912 620 intorpretatur:
935 539 1015 600 inter
1037 535 1200 614 mortales,
1220 536 1279 596 in-
1391 477 1392 556 l

186 647 237 700 ter
257 650 384 722 gentes3
406 639 592 722 adducitque
614 640 706 700 ctiam
730 636 785 698 lib.
799 639 855 702 IV.
883 635 1146 721 14.prrpopulos
1166 656 1282 698 utem

186 741 322 808 rabilem.
343 742 399 808 lV.
426 763 472 801 11.
481 743 550 820 ficit
568 775 612 789 —
625 761 729 800 venun
746 760 806 822 per
823 741 976 804 monotes.

270 845 358 904 daret
382 845 452 904 lora
472 844 561 925 eqtu's)
603 841 684 906 Nota
707 839 782 904 haec
806 850 965 924 poetarum
986 838 1122 902 formula
1142 859 1178 900 ex
1199 838 1283 900 Vir-

187 941 240 1024 gil.
262 943 344 1032 len.
366 943 391 1002 1.
424 939 491 1006 156.
514 941 629 1024 Georg.
661 941 689 1008 l.
720 939 798 1021 1063
829 939 925 1007 ovid.
947 939 1020 1006 Aa.
1048 939 1120 1006 Am.
1140 937 1182 1004 ll.
1202 934 1281 1016 455.

188 1040 324 1124 aliisque.

269 1161 359 1202 curm
376 1139 490 1202 concito
517 1160 578 1224 per
600 1157 744 1223 campum
764 1171 806 1186 -
824 1137 980 1224 pervolat)
1031 1135 1125 1218 Apul.
1153 1133 1280 1202 Florid.
1391 1127 1392 1140 ¹

187 1253 377 1324 promtum
398 1259 462 1300 eum
478 1259 514 1300 eo
535 1259 610 1324 equo
626 1259 685 1321 per
703 1238 793 1300 uiam
815 1239 928 1300 canuto
945 1235 1176 1322 percomta
1188 1236 1281 1318 Sept.

187 1361 214 1403 c.
237 1359 267 1402 α.
283 1359 371 1399 muru
388 1359 449 1423 per
476 1337 588 1400 nudior
615 1338 737 1404 concito.
764 1339 842 1400 Met.
875 1336 931 1396 lv.
952 1358 981 1418 p.
1003 1337 1073 1398 258.
1096 1356 1183 1398 cursu
1201 1359 1278 1398 wle-

186 1439 254 1502 cr'to.
292 1417 374 1498 'Mea
403 1437 446 1505 ll.
468 1459 500 1520 p.
519 1456 572 1520 99.
603 1435 682 1498 saltu
701 1437 823 1504 εοιιείω.
844 1435 920 1499 Met.
940 1435 996 1498 lv.
1025 1457 1055 1519 p.
1076 1455 1146 1520 279.
1162 1438 1279 1498 caudeo

186 1532 299 1616 gradu

273 1657 333 1720 qua
354 1638 492 1698 maxime
508 1638 564 1696 uisi
578 1636 707 1720 poterat)
755 1633 844 1698 Curt.
874 1635 929 1696 lX.
962 1633 1009 1700 15.
1032 1648 1121 1698 toturn
1140 1657 1275 1712 commu,

190 1755 251 1821 qua
270 1735 405 1820 prospici
424 1749 559 1820 poterat,
589 1735 728 1816 nauigiis
760 1733 954 1798 consuetum.
999 1735 1051 1798 Sic
1078 1735 1131 1796 alii
1154 1757 1280 1819 quoque

191 1831 288 1896 locuti
306 1844 379 1896 sunt
391 1882 401 1913 ‚
424 1832 613 1895 aemulantes
635 1831 708 1895 Sall.
731 1833 794 1916 lug.
822 1853 888 1900 ror.
914 1854 962 1900 ιι.
982 1835 1094 1911 omnia,
1113 1855 1176 1920 qua
1198 1835 1278 1898 virtu

191 1948 274 2013 erut,
295 1947 442 1996 murrata
463 1935 539 1996 telis.
563 1935 617 1996 ubi
633 1955 663 1999 v.
678 1934 763 2001 Coit.
785 1933 823 1999 cf.
844 1943 910 1996 not.
931 1955 976 2002 cr.
997 1934 1038 1996 ad
1053 1937 1107 2002 IV.
1130 1933 1161 2015 4.
1183 1937 1277 2000 Oros.

192 2033 221 2096 l.
249 2055 295 2101 ro.
315 2055 462 2120 quousque
490 2035 571 2096 uiues
591 2035 774 2096 admittitur.
821 2033 966 2096 Maxime
998 2035 1018 2100 i.
1044 2056 1070 2098 e.
1093 2034 1277 2118 longissime.

192 2133 264 2202 Liv.
287 2133 311 2200 l.
338 2132 383 2194 18.
401 2153 459 2218 quo
480 2135 648 2214 longissime
669 2147 852 2218 compactum
877 2135 1114 2212 ouiliserrburu.

272 2255 365 2316 genus
381 2255 498 2318 poenae
519 2235 641 2310 novum)
659 2233 731 2296 Sall.
753 2233 818 2298 Cat.
840 2234 892 2302 51.
920 2233 966 2302 18.
985 2256 1074 2316 genus
1089 2255 1210 2320 poenae
1223 2256 1279 2298 ae·

191 2353 262 2396 uum
277 2335 448 2401 decernere.
1010 2399 1019 2418 ,

279 2434 366 2496 XVI.
405 2434 532 2518 desuper
549 2457 591 2497 ex
611 2435 717 2513 mun‘s)
739 2435 817 2498 Gcll.
839 2435 895 2503 DL
914 2456 941 2502 ι.
961 2449 1067 2498 contra
1085 2433 1125 2496 ab
1145 2435 1280 2522 oppidu·

195 2533 246 2595 nir
266 2533 392 2617 desuper
413 2555 430 2594 e
449 2537 543 2596 usuris
565 2538 765 2620 propugnari.
791 2535 879 2602 xlv.
913 2555 938 2601 1.
975 2535 1091 2597 ucoueri
1108 2534 1280 2620 agitarique

193 2630 321 2717 desuper
340 2654 357 2693 c
377 2633 466 2696 coelo.

276 2732 329 2818 qui
348 2733 458 2796 excusis
479 2751 565 2796 man.
588 2765 630 2782 -
645 2733 819 2816 pertulerat)
858 2729 1004 2814 Explica:
1026 2731 1101 2814 qui,
1125 2731 1202 2814 quin
1224 2753 1281 2795 vc·

196 2851 263 2892 cem
283 2833 521 2912 pmnuntiaret,
548 2832 581 2893 in
611 2832 675 2914 ipso
705 2831 842 2892 mutilato
871 2853 1003 2913 corpore
1027 2831 1170 2894 nuntium
1191 2853 1281 2894 acer·

196 2928 338 2996 bissimne
360 2929 488 2991 alicuius
508 2941 654 3012 peractae
676 2933 720 2992 rei
743 2939 969 3011 apportaverat.
993 2931 1070 2992 Cum
1095 2931 1193 2992 nostri
1212 2953 1282 3017 per

184 3029 278 3110 firre
296 3031 342 3088 rui
359 3029 504 3091 lucilerum
534 3030 707 3111 comparari
736 3037 834 3110 potest
859 3027 953 3112 Apul.
976 3030 1053 3097 Met.
1074 3031 1131 3095 Xl.
1159 3051 1191 3112 p.
1212 3032 1282 3114 775.

196 3128 352 3192 ostendere
371 3130 530 3212 aequitatis
553 3130 708 3194 indicium.

281 3242 486 3291 consternatae
514 3228 643 3306 uocibus)
698 3227 825 3292 Vocibus
845 3229 868 3297 i.
891 3251 919 3292 c.
943 3227 1030 3291 luctu
1049 3228 1197 3312 aditoque
1218 3230 1283 3292 cla·

198 3347 295 3394 more.
328 3326 434 3390 Valer.
457 3329 538 3391 Max.
559 3327 613 3392 IV.
651 3326 680 3391 8.
708 3327 824 3394 Iterato
851 3331 1099 3416 pronominum
1123 3335 1284 3414 praeconis

197 3437 288 3488 tuma
307 3427 416 3488 coelum
427 3427 567 3490 clamoris
587 3429 747 3494 alacritate
761 3431 994 3516 compleverunt,
1015 3442 1047 3492 ru
1064 3443 1143 3492 certo
1160 3443 1284 3508 consue,

196 3544 290 3601 aves,
324 3546 403 3610 quae
438 3529 687 3612 supervolabant,
727 3533 868 3593 αηοιιίιαι
891 3541 1095 3615 peucestesque
1122 3528 1284 3597 decidisse.

198 3644 289 3706 quam
309 3623 411 3686 locum
431 3627 493 3688 iarn
514 3630 621 3691 attolit
641 3631 828 3692 Obrechtus.
857 3630 896 3696 cf.
917 3629 1083 3714 Hagesipp.
1103 3629 1144 3692 V.
1157 3631 1209 3698 23.
1232 3632 1283 3690 iu·

196 3725 366 3788 sutuuuu
387 3727 536 3790 latronum
560 3743 748 3794 comceruata
769 3731 897 3792 merliu.

282 3846 347 3886 oron
358 3827 456 3888 ὑιιιιίι.
475 3829 715 3907 metamaucus)
739 3828 760 3895 i.
772 3849 799 3889 c.
819 3837 961 3890 mutuum
980 3827 1148 3890 clamorem
1170 3824 1285 3890 tollcn·

199 3925 301 4006 tibus,
324 3928 550 4012 clamoremque
566 3929 778 3992 Troianorum
798 3927 881 3992 edito
903 3927 995 3988 simili
1016 3927 1151 3989 clamorc
1171 3926 1285 3990 luden-

199 4029 291 4095 tibus.
314 4030 420 4092 Malel.
443 4053 472 4111 p.
498 4029 566 4096 156.
604 4029 674 4092 Καὶ
691 4018 877 4109 οἱἛλληνες
896 4025 931 4087 (ll
956 4023 1121 4108 χαίροντες
1137 4021 1285 4107 ἀντεβόη-

199 4148 261 4188 σαν
278 4121 403 4208 ὁμοίως.
445 4130 493 4191 Do
513 4129 603 4192 simili
638 4129 760 4192 reddito
781 4128 915 4192 clamore
936 4127 992 4196 lib.
1014 4129 1068 4196 lV.
1094 4151 1121 4190 r.
1144 4130 1213 4190 luicc
1233 4132 1306 4189 n-'

194 4227 388 4292 clauueuiuus
406 4233 482 4290 uiris
509 4232 661 4320 'livianus
