2726 4686
461 395 557 446 amaa
584 393 883 451 morentur-11.
1165 345 1230 450 79Ι

183 587 327 668 mv.
377 587 432 666 Ea
452 587 524 665 ubi
542 609 610 666 rex
633 585 793 693 accepit,
815 585 982 662 maxime
995 604 1213 664 consterna·

100 722 170 784 tus
189 705 263 782 filii
284 705 443 796 nuncio,
469 723 560 782 ante
579 731 647 782 ora
665 703 843 781 omnium
864 701 1022 781 corruit
1058 703 1212 782 Deinde

98 847 126 900 a
167 821 510 900 circumstantibus
547 821 713 900 reiectus
758 820 971 926 paulisper,
1022 821 1207 926 erigiturr

98 957 225 1044 atque
257 941 317 1016 ire
349 939 392 1016 in
423 938 633 1016 consilium
659 938 830 1044 cupiens,
856 938 907 1014 ab
932 938 1075 1042 regulis
1101 939 1208 1016 cohi·

99 1053 213 1132 bitus
236 1073 302 1147 est.
351 1055 429 1160 Ipsi
457 1079 639 1160 namque,
666 1055 802 1131 relicto
828 1073 948 1160 patre,
975 1074 1209 1132 conventum

99 1171 337 1278 irrumpunt
359 1169 410 1248 ad
435 1170 477 1247 id
503 1190 688 1278 tempus,
708 1197 788 1276 quo
817 1170 1080 1262 Antimachus,
1105 1173 1208 1250 mul·

98 1287 150 1366 tis
175 1287 221 1365 in
254 1289 531 1366 contumeliam
554 1289 794 1366 Graecorum
819 1286 1022 1393 praeiactis
1042 1287 1206 1393 probris,

100 1422 193 1482 turn
216 1403 376 1482 demum
400 1402 552 1482 dimitti
577 1404 799 1481 Menelaum
826 1403 963 1493 aiebat,
987 1403 1018 1480 si
1043 1403 1206 1510 Polydo-

97 1547 172 1598 rus
205 1519 452 1598 redderetur:
492 1539 703 1630 postremo,
735 1518 904 1597 eundem
931 1546 1061 1597 casum
1085 1541 1205 1626 atque

97 1637 254 1715 exitum
277 1637 484 1743 utriusque
502 1634 811 1716 custodiendum.
860 1634 1072 1716 Adversum
1091 1661 1202 1742 quae,

98 1753 255 1832 cunctis
280 1751 505 1846 silentibus,
540 1758 716 1832 Antenor
747 1751 935 1844 resistere,
963 1777 1009 1830 nc
1029 1779 1078 1828 ne
1102 1751 1202 1858 qnid

97 1867 329 1948 huiusmodi
372 1865 662 1959 decerneretur,
712 1893 850 1972 magna
889 1869 928 1945 ri
972 1893 1201 1976 repugnare.

97 1983 174 2068 Sed
198 2003 416 2092 postquam,
442 1987 607 2062 invicem
638 1986 762 2063 multa
789 2003 988 2062 consumta
1013 1985 1201 2077 oratione,

97 2121 298 2181 certamen
317 2129 455 2180 eorum
474 2100 525 2179 ad
543 2129 680 2179 manus
700 2119 939 2208 processerat
962 2127 1105 2196 omnes,
1128 2101 1200 2208 qui

97 2217 274 2310 aderant,
291 2219 513 2324 inquietum
526 2245 570 2295 ac
585 2217 807 2296 seditiosum
823 2218 1099 2297 Antimachum
1111 2245 1201 2327 pro-

100 2334 352 2429 nunciantes,
376 2361 399 2411 e
420 2335 528 2438 curia
552 2328 705 2412 eiederc.

199 2452 327 2530 XXV.
376 2449 450 2530 Sed
475 2451 546 2527 ubi
564 2449 782 2528 Priamidae
802 2447 959 2555 ingressi
982 2467 1085 2541 sunt,
1101 2453 1200 2530 Pan-

103 2565 197 2646 rhus
235 2569 441 2644 Hectorem
468 2567 683 2659 obsecrans,
723 2595 815 2644 nam
846 2569 878 2644 is
909 2567 1015 2644 inter
1049 2570 1203 2672 regulos

100 2710 195 2760 cum
219 2683 376 2770 virtute,
403 2703 486 2762 tum
515 2683 675 2762 consilio
697 2685 824 2760 bonus
847 2679 1087 2772 credebatur,
1113 2683 1202 2760 bor-

104 2799 203 2886 rari,
237 2803 295 2876 uti
327 2797 475 2876 Helena
507 2825 605 2876 nunc
634 2802 886 2901 potissimum,
918 2823 1032 2902 quum
1058 2797 1200 2874 Graeca·

99 2917 288 3018 supplices
321 2915 371 2992 ob
399 2919 498 2992 Itane
520 2941 669 2994 causam
693 2919 901 3002 venissent,
927 2937 1010 2989 aaa
1032 2919 1203 2996 amicitia

101 3031 350 3110 reddereturt
382 3057 499 3138 neque
527 3060 663 3134 porum
698 3025 929 3108 Alexandro
960 3027 1014 3106 od
1046 3032 1201 3132 explen-

103 3149 195 3228 dum
228 3173 410 3237 amorem,
445 3155 620 3256 siquem
651 3156 753 3228 circa
787 3149 968 3226 Helenam
997 3149 1198 3238 babuerat,

103 3283 344 3344 modurn.
395 3266 584 3371 Quocirca
606 3271 758 3343 versari
771 3283 859 3342 ante
881 3269 1046 3343 omnisne
1069 3267 1200 3344 oculos

102 3402 277 3486 oportere
298 3390 547 3486 praesentiam
573 3411 704 3486 regum
731 3385 974 3471 Graecorum,
999 3409 1200 3490 eorumque

88 3499 208 3601 suctu
226 3499 362 3600 fortiis,
388 3523 435 3576 ac
459 3523 587 3578 recens
607 3517 755 3602 portam
780 3501 943 3602 glorium
966 3504 1085 3580 erutis
1107 3504 1201 3578 arni·

173 3785 267 3840 mv.
304 3787 474 3857 impune)
509 3789 588 3842 bern.
608 3789 769 3860 interrumpe.
813 3785 864 3840 Pro
884 3785 1038 3859 praefactis
1055 3785 1104 3839 nd.
1123 3787 1202 3842 cnr.

100 3857 208 3941 indict
231 3875 283 3930 pro
299 3858 462 3914 nedem
478 3859 574 3911 udam
596 3859 809 3928 restitueretur}
831 3873 883 3930 pro
898 3857 1008 3914 siccet-c
1022 3857 1118 3911 cadem
1131 3875 1202 3930 pro·

100 3947 257 4054 audiv.
292 4002 427 4072 imru)
444 3999 494 4059 tt.
513 3999 585 4052 Crat.
604 4001 714 4070 egr-erra·¹
735 4005 831 4053 contra
850 4011 944 4050 rerum
960 3999 1068 4052 scriem
1094 3999 1200 4067 Repete

0 4110 1 4115 κ
96 4081 186 4140 snpra
204 4087 229 4130 e.
245 4071 291 4142 2⁴.
305 4083 474 4128 conmotam
501 4070 678 4143 intemptans·
703 4071 770 4126 Mox
796 4071 875 4124 bern.
894 4083 953 4123 tum
976 4070 1090 4124 virtues.
1114 4075 1143 4121 ct
1170 4067 1198 4130 Ξ.

97 4139 175 4194 cett.
193 4159 257 4214 opp.
278 4145 387 4197 rariter
402 4145 497 4196 boum.

174 4229 269 4285 regnu
288 4216 471 4282 stercorum)
491 4213 565 4267 Crat
593 4215 751 4267 Graiorum.
777 4208 813 4262 dc
835 4227 891 4284 qua
915 4210 1003 4266 forma
1024 4207 1082 4266 vid
1108 4208 1199 4266 Gicrs.

96 4281 138 4337 sd
155 4297 219 4356 cup.
239 4292 283 4354 Aa.
319 4285 371 4340 Pro
390 4299 486 4340 recem
504 4283 554 4338 Ed.
571 4285 661 4338 eruc
679 4293 814 4340 κωκυ.
