2808 4686
234 369 307 444 294
587 387 801 440 οιοιειιιιυιι
825 387 890 435 ara.
917 385 954 433 ιι.

313 581 483 656 attentatas)
521 575 647 644 Dehoe
667 574 762 636 verbo
784 575 913 638 Praefat.
936 595 966 655 p.
986 571 1054 636 LII.

306 678 452 760 flagitare
487 675 668 758 Calchanta)
716 677 737 740 i.
765 696 792 738 e.
818 673 859 736 ab
878 670 1054 734 Calchante.
1082 689 1114 738 v.
1139 669 1309 754 Wopkens.

230 802 251 862 p
309 877 391 938 harad
409 877 536 936 liberam
554 880 630 950 esre)
671 873 693 934 i.
711 897 738 940 e.
761 875 794 934 ia
816 893 870 934 soa
886 881 1032 954 potestate
1046 889 1108 932 noa
1121 889 1197 944 erae,
1221 871 1308 932 haud

227 975 343 1039 licitam
362 975 420 1038 sibi
442 995 514 1040 ease.
540 973 604 1039 Cio.
626 973 708 1035 Phil.
730 975 754 1036 I.
774 973 804 1034 5.
828 973 872 1033 ita
891 973 956 1032 aiae
976 987 1052 1032 cara
1072 971 1206 1032 camalet
1226 985 1307 1049 uait,

227 1091 262 1138 at
282 1096 381 1160 paene
411 1075 538 1134 liberum
562 1075 601 1136 ait
634 1076 784 1145 senatori,
820 1093 879 1132 ιιοιι
905 1069 1018 1130 adesse.
1070 1069 1188 1131 Eodem
1215 1091 1307 1132 seaau

225 1195 312 1257 saepe
336 1173 439 1234 Liriua
460 1173 584 1234 libertati
603 1174 730 1254 hahere,
760 1171 887 1234 docente
909 1169 1065 1232 Gronotio
1093 1169 1134 1230 ad
1159 1170 1223 1232 eiua
1251 1168 1308 1230 Iib.

224 1275 331 1336 XXII.
352 1273 401 1351 54.
424 1285 499 1336 extr·
606 1322 609 1332 .

301 1379 488 1438 contraheret
510 1375 668 1460 offensam)
711 1375 835 1442 Sueton.
850 1375 943 1460 Vea'p.
960 1379 991 1458 4.
1009 1377 1217 1460 gravationem
1231 1395 1305 1437 aaa·

224 1480 324 1540 traxit
345 1477 500 1558 affirmant.

305 1583 423 1641 animas
444 1583 528 1641 irase
549 1581 743 1653 aonailiavit)
783 1582 804 1648 i.
825 1599 851 1644 e.
871 1579 928 1642 sibi
949 1581 1083 1658 amicos,
1105 1578 1252 1662 propitios
1273 1587 1304 1640 et

222 1681 356 1742 faventes
377 1681 519 1746 reddidit.
560 1680 656 1743 Plane
676 1691 710 1742 ut
732 1677 832 1748 Plaut.
855 1679 997 1745 Bacehid.
1021 1681 1052 1746 3.
1072 1677 1102 1741 6.
1125 1699 1174 1741 aa.
1217 1679 1302 1758 Ille,

221 1781 302 1866 qaod
320 1787 352 1841 ia
371 1783 498 1862 aeside,
524 1795 696 1843 aeaerahmt
719 1783 843 1862 habuit,
864 1781 946 1866 qaod
961 1795 1059 1866 posset
1077 1781 1155 1842 mali
1174 1781 1301 1858 Faoere,

221 1894 252 1942 et
268 1883 299 1943 in
320 1903 367 1942 me
389 1883 580 1943 Inconciliare
600 1883 707 1966 copias
726 1903 826 1942 omnes
846 1901 950 1960 meaa,
972 1881 993 1948 i.
1019 1901 1046 1944 e.
1066 1881 1141 1941 mihi
1162 1881 1303 1940 inianicas

220 1991 251 2042 et
270 1979 410 2041 adversas
431 1980 566 2043 reddere.
607 1979 710 2040 Trahe
732 1979 792 2040 huo
812 1981 903 2040 etiam
924 1979 999 2041 haec
1019 1977 1173 2062 exempla:
1196 1976 1299 2044 Plaut

220 2079 335 2164 Amph.
364 2103 388 2144 1.
417 2099 441 2146 ι.
465 2101 516 2164 ²9·
538 2081 608 2141 heae
627 2081 757 2166 quaein
775 2082 991 2159 mesecin-ant,
1015 2081 1037 2146 i.
1056 2101 1084 2146 e.
1105 2079 1190 2144 mihi.
1211 2079 1302 2144 Tria.

221 2179 253 2245 5.
275 2199 305 2246 2.
327 2181 356 2258 4.
376 2179 507 2266 Siquid
527 2183 656 2240 amioum
675 2201 747 2261 erga
772 2179 939 2260 benefeci,
970 2193 1022 2241 aut
1048 2179 1304 2266 canathrifitleli-

220 2291 274 2346 ter.
295 2277 371 2341 ibid.
398 2300 427 2346 a.
449 2281 477 2344 3.
500 2277 529 2347 5.
550 2281 606 2365 qai
626 2279 705 2340 nihil
725 2277 833 2354 ah'ud,
859 2280 919 2340 nisi
936 2279 1016 2365 qraad
1037 2279 1095 2340 sibi
1113 2279 1171 2339 soli
1185 2279 1299 2362 placet,

220 2381 344 2443 consulit
362 2381 524 2441 advorsum
529 2381 648 2466 filliam.
669 2381 793 2446 Terent.
816 2380 913 2441 Andr.
935 2401 960 2447 ι.
984 2403 1009 2447 r.
1037 2379 1084 2442 15.
1112 2377 1157 2440 Et
1173 2379 1215 2440 id·
1227 2401 1302 2460 gra·

219 2493 279 2540 aaa
291 2477 389 2562 ficisse
410 2480 570 2540 advorsum
584 2493 632 2558 te,
653 2480 744 2539 habeo
763 2483 905 2561 gratiam.
925 2479 979 2540 ubi
1003 2498 1032 2546 v.
1050 2477 1173 2540 Ruhnk.
1215 2478 1303 2539 Dati-

218 2601 291 2642 vum
305 2581 430 2644 adhibet
441 2581 524 2664 Sept,
534 2581 628 2660 VLd.
643 2595 762 2666 aterque
771 2581 949 2643 conciliatas
959 2583 1032 2660 sibi3
1048 2579 1162 2642 sedhic
1177 2601 1304 2663 quoque

219 2681 363 2766 loquendi
384 2675 512 2744 formula
528 2682 618 2764 paulo
638 2681 770 2744 insolens
787 2693 844 2760 est,
863 2683 936 2764 piot
958 2685 1128 2765 ingratiam
1147 2683 1301 2744 reductus

302 2783 339 2843 ob
359 2783 503 2843 iniuriam
526 2781 705 2858 sacerdotis)
747 2783 768 2842 i.
788 2801 815 2848 e.
836 2782 983 2842 sacerdoti
1005 2782 1142 2855 iliatam,
1163 2793 1199 2842 ut
1218 2791 1304 2843 recte

218 2879 346 2964 explicat
365 2883 469 2948 Daris.
492 2882 531 2942 ed
543 2883 626 2943 Caes.
651 2881 684 2947 B.
707 2882 741 2948 C.
766 2881 822 2947 111.
847 2901 912 2944 110.
954 2882 1014 2944 Sed
1034 2881 1111 2943 male
1132 2885 1181 2943 vir
1195 2881 1303 2942 doetus

217 2993 371 3064 comparat
392 2979 445 3048 lib.
471 2981 495 3046 I.
519 2981 548 3060 d.
569 2981 606 3043 ab
627 2983 771 3042 imbriam
789 2977 947 3063 effluitare,
967 2983 987 3044 i.
1010 3001 1037 3048 e.
1058 3001 1149 3065 quam
1171 2981 1304 3042 fecerant

217 3079 330 3146 affinoe.
374 3079 430 3139 IIIo
452 3081 532 3140 enim
545 3079 612 3142 loco
633 3083 743 3141 iniuria
765 3083 882 3164 passiva
901 3085 935 3144 ri
957 3084 1097 3165 ponitur,
1118 3080 1178 3143 hoe
1192 3083 1302 3146 notive.

216 3181 341 3244 Passive
361 3183 487 3263 ponitur
506 3184 596 3242 etiam
618 3179 673 3246 Iih.
692 3183 745 3244 VI.
765 3183 795 3250 6.
816 3185 860 3245 ad
875 3183 1095 3246 viadicaadam
1113 3185 1303 3245 matrimonii

217 3283 371 3344 hiarium.

298 3383 510 3442 restitutionem
529 3381 671 3462 virginis)
713 3381 783 3443 Dixi
803 3383 835 3445 in
857 3383 990 3447 Praefat.
1008 3405 1039 3468 p.
1054 3383 1119 3452 LV.
1159 3385 1208 3446 De
1227 3403 1304 3446 vaae

214 3481 300 3562 virgo
326 3503 355 3542 v.
377 3476 514 3542 Perizon.
532 3481 612 3546 Diss.
634 3479 659 3564 §.
685 3480 754 3548 XV.

298 3581 421 3642 XXXI.
459 3583 787 3666 pernicie-anxius)
830 3583 850 3650 i.
872 3605 897 3644 e.
916 3585 1043 3660 anxius,
1064 3603 1104 3645 ne
1123 3583 1304 3667 perderetur

216 3679 348 3742 defessus
376 3684 532 3746 exercitus.
557 3680 624 3744 Liv.
646 3681 747 3746 XXV.
772 3683 823 3759 4ο.
863 3679 982 3744 Hanno
1003 3685 1064 3743 iam
1090 3697 1161 3744 ante
1188 3685 1305 3744 aaxr'tar

213 3781 317 3863 gloria
342 3783 412 3844 eius.
435 3781 455 3844 i.
476 3801 503 3842 e.
523 3803 561 3842 ne
581 3779 676 3864 gioria
698 3781 794 3842 abeo
816 3783 998 3848 vinceretur.
1040 3783 1159 3844 Laudat
1180 3795 1303 3866 praete·

216 3903 268 3944 rea
293 3882 376 3942 hunc
404 3879 504 3942 lacum
533 3881 733 3962 Oudendorp.
758 3880 797 3943 ad
824 3881 916 3966 Apol.
938 3885 1012 3946 Met.
1034 3884 1090 3949 lv.
1110 3905 1141 3968 p.
1164 3883 1235 3952 515.
1271 3897 1305 3947 et

215 3985 323 4044 miseri
346 3983 466 4068 quidem
482 3996 625 4068 parentes
644 3983 707 4042 aias
725 3993 809 4042 tanta
832 3983 919 4044 clade
939 3983 1059 4063 defessi.

296 4081 372 4143 duce
403 4096 490 4166 atque
519 4088 654 4157 auctore)
701 4083 776 4164 cap.
797 4079 848 4161 da.
870 4083 937 4144 dar:
964 4097 1054 4166 atque
1084 4081 1220 4146 medendi
1243 4103 1304 4144 aa·

212 4194 285 4243 ttor.
307 4179 382 4241 Sall.
405 4181 483 4247 Hist.
508 4181 534 4242 I.
564 4202 610 4248 ιο.
663 4181 825 4244 Αειιιίἱιὶιιιι
844 4215 881 4231 -
899 4183 1005 4244 dacem
1029 4197 1058 4244 et
1082 4195 1234 4245 auctorem
1253 4203 1303 4244 ee-

213 4279 354 4364 qaimiai.
374 4277 458 4347 Flor.
481 4279 508 4342 1.
524 4301 556 4364 9,
583 4301 612 4347 ι.
641 4281 737 4344 Bruto
760 4283 945 4368 Catilinoqae
967 4283 1087 4346 dacibus
1109 4297 1139 4346 et
1169 4285 1303 4345 mactari-
