2762 4684
218 385 291 460 492
515 407 786 461 onsanvnrrnuas
809 407 847 460 m
874 407 937 458 nra.
951 407 999 459 m.

295 597 458 682 persuadet
480 601 561 679 rege]
611 597 791 658 Aedificavit
825 595 971 658 Alcinous
1000 613 1114 672 noves,
1144 595 1307 676 sociosque

218 693 339 757 Ulixem
372 697 511 758 comitari
542 695 639 760 iussit.
664 697 754 757 Hom.
775 695 839 757 Od.
862 697 948 758 Xlll.
972 695 1038 759 init.
1079 693 1141 756 ssd
1165 693 1305 754 lthaoom

218 813 289 856 com
310 797 459 870 venisset,
484 797 557 858 socii
577 796 689 857 reversi
710 803 799 868 sunt,
830 805 861 856 et
882 793 987 856 Ulixes
1008 791 1089 854 solus
1109 791 1250 858 relictus.
1273 815 1303 853 r.

202 893 288 962 125.
322 893 361 942 '-
393 896 438 956 uti
462 915 563 956 secum
586 927 629 942 —-
662 893 836 977 navigaret)
891 893 1026 955 Anhtnor
1058 913 1127 955 com
1147 893 1304 975 equitibm

217 995 297 1066 suis,
326 991 410 1054 addit
434 993 605 1056 chricus=
639 993 862 1075 obtemperavit
880 992 1038 1066 Achtnor,
1060 1001 1091 1050 et
1113 1003 1206 1051 nocte
1230 989 1302 1052 Uli·

216 1093 260 1151 xis
285 1092 394 1152 urbem
415 1094 629 1158 introiverunt.
650 1092 756 1175 Pergit
778 1093 946 1154 Henricust
969 1093 1050 1154 Tum
1066 1089 1197 1166 domos,
1222 1109 1301 1170 quac

214 1189 305 1251 fidem
327 1199 497 1273 ruperunt,
519 1191 662 1273 ingressi,
681 1190 861 1258 dormientes
881 1189 920 1250 ad
941 1209 1036 1250 unum
1063 1208 1168 1249 omnes
1197 1196 1301 1247 morte

215 1289 395 1354 multarunt.
445 1292 515 1368 Quo
544 1289 625 1352 lacto
654 1289 840 1352 Achtnorem
868 1291 900 1350 in
916 1287 1060 1371 palatium
1080 1307 1171 1349 soum
1195 1287 1298 1366 duxit,

215 1399 247 1450 ct
267 1388 419 1471 Penelope
449 1389 687 1472 supramodum
707 1387 819 1451 lactata
838 1397 897 1467 est,
917 1409 987 1450 cum
1007 1387 1127 1450 Ulixem
1147 1387 1294 1460 videet,

215 1507 345 1572 eumque
365 1487 461 1550 multo
480 1487 598 1551 honore
616 1489 804 1573 egregiisque
824 1485 912 1550 donis
933 1489 1057 1572 excepit.

299 1589 462 1659 occultato)
502 1587 597 1671 Apud
615 1588 795 1649 Eumaeum.
834 1587 925 1648 Hom.
948 1586 1010 1649 0d.
1033 1585 1120 1650 xlv·
1138 1619 1183 1634 -
1209 1585 1298 1648 Tele·

216 1687 357 1747 mochum
378 1721 418 1734 -
442 1684 608 1769 edocuere)
649 1685 719 1747 Non
740 1687 845 1748 oderat
861 1685 1028 1748 secundom
1049 1687 1220 1748 Homerum
1238 1687 1297 1748 Te·

213 1783 387 1864 lemannus,
412 1807 482 1847 cum
500 1783 604 1848 Ulixes
634 1783 771 1846 Ithacam
798 1783 979 1867 appulisset,
1002 1783 1057 1847 sed
1077 1785 1210 1866 Spartae
1228 1805 1300 1846 ver·

144 1915 148 1922 ·
214 1883 338 1946 sabatur
358 1885 441 1967 apud
461 1883 632 1947 Menelaum
644 1891 793 1966 ,patrem
810 1887 1022 1967 quaesituros.
1044 1887 1187 1947 Minerva
1208 1883 1296 1966 Spar·

214 1993 277 2044 tam
301 1985 403 2060 venit,
431 2001 500 2044 eum
526 1993 780 2044 revocatum-
806 2003 870 2044 rem
895 2003 972 2067 quae
988 1983 1183 2068 pomlotrsr)
1226 1983 1297 2044 car·

206 2079 287 2144 dem
307 2101 484 2164 pr.ocorum
506 2083 679 2164 Respicitur
697 2082 736 2144 ad
754 2083 844 2149 Hom.
858 2081 922 2144 Ocl.
945 2083 1034 2144 xvl.
1056 2082 1195 2167 267.-
1152 2083 1297 2146 -ctau

174 2195 197 2214 ·“
214 2183 359 2256 ueniunt)
398 2181 444 2243 Ut
464 2180 619 2244 mendicos
638 2181 762 2242 domum
790 2191 957 2244 accesserat
973 2180 1099 2263 Ulixes,
1119 2181 1236 2245 haculo
1255 2185 1299 2245 ui·

215 2299 277 2349 sus.
300 2281 350 2344 Od
374 2281 479 2348 XVII.
503 2299 550 2343 ro.
572 2301 642 2348 nor.
656 2315 696 2329 —
714 2279 906 2364 interficiunt)
926 2281 1073 2347 interficit
1091 2281 1202 2345 Ulixes
1222 2281 1370 2366 apud

215 2380 308 2442 Hom.
325 2379 478 2462 ,adiutus
509 2379 730 2442 aTelcmacho
751 2391 781 2442 ct
804 2381 951 2444 Minerva
972 2413 1014 2430 -
1036 2379 1167 2462 Ulixem
1183 2383 1297 2444 odam·

216 2492 292 2541 tasse
311 2513 351 2530 ·-
372 2483 537 2563 cogmhsm)
558 2477 617 2542 Od
641 2479 759 2544 XXIV.
770 2478 901 2560 dra-n
861 2477 1216 2620 -ruppliciuofficio
1236 2480 1294 2544 Od.

215 2579 319 2645 xxtl.
342 2578 413 2662 465.

294 2681 455 2765 praeclaro
466 2681 573 2762 fonto)
626 2677 1178 2763 catult.tv111.226;1³r0poe
1201 2678 1245 2740 11.
1268 2701 1297 2763 9·

217 2779 284 2843 init.
325 2779 424 2842 Aliter
453 2779 491 2844 de
522 2779 694 2862 Penelopae
724 2779 868 2862 pudicitia
901 2781 990 2840 sentit
1009 2779 1193 2862 Lycophroo
1220 2777 1296 2844 Cast.

217 2897 287 2962 77¹·
327 2877 400 2947 vid.
425 2879 561 2942 Dresem.
581 2880 621 2942 ad
644 2883 703 2944 los.
725 2881 820 2944 lacau.
845 2879 901 2942 Vl.
925 2877 999 2961 948.

297 2975 432 3040 Nmuico
447 2978 622 3042 Telemacho
637 2978 771 3056 dormiit)
798 2990 828 3039 et
849 2980 964 3061 nuptiis
985 2975 1146 3040 celebratis
1154 2976 1297 3039 Aolstoor

216 3077 248 3135 in
271 3095 396 3157 regnum
418 3099 507 3139 suum
529 3097 667 3141 reversus
697 3087 752 3138 est.
780 3077 905 3138 Henric.
945 3074 1144 3138 Telemachus
1167 3076 1297 3138 ilenrico

216 3185 345 3236 vocatur
370 3177 573 3240 Thelomoteu.
598 3209 636 3225 -·
658 3175 930 3238 AlcinousUlixem
950 3183 1037 3257 optat
1058 3173 1116 3236 sibi
1137 3195 1292 3255 generum.

218 3271 310 3332 Hom.
333 3273 396 3335 Od.
421 3276 489 3338 Vll.
515 3277 587 3338 311.
628 3271 734 3336 Ulixes
756 3273 814 3338 hoc
831 3275 998 3357 perfectum
1017 3273 1057 3334 iri
1077 3273 1294 3354 cupienten.

217 3368 343 3432 Duxisse
363 3371 578 3434 Telemachum
598 3371 795 3452 Nausicaam,
826 3372 945 3435 Alcinoi
963 3371 1073 3449 filum,
1098 3379 1193 3453 atque
1209 3391 1246 3431 cx
1261 3389 1292 3428 ea

216 3469 369 3533 sustulisse
397 3471 611 3555 Perseptolin‚
651 3481 800 3534 testantur
828 3471 1003 3533 Aristoteles
1034 3472 1065 3531 in
1094 3469 1290 3532 lthaoendon

216 3569 328 3632 Potitia
347 3583 378 3634 et
408 3569 584 3634 Hellanicus
611 3593 662 3656 up.
685 3570 825 3636 Eustath.
853 3570 892 3631 ad
922 3570 1012 3636 Hom.
1033 3569 1068 3633 ll.
1090 3569 1131 3634 11.
1151 3589 1184 3650 p.
1208 3564 1287 3650 1796.
1369 3647 1370 3650 Ἴ

216 3667 254 3734 Τ.
275 3671 328 3731 lll.
352 3669 406 3731 ed.¹
433 3671 522 3734 Rom.
542 3671 583 3732 cl.
606 3670 724 3732 Suidas.
752 3689 783 3730 v.
800 3667 1008 3750 hludpomllqe.
1049 3667 1168 3729 Eodem
1188 3665 1288 3726 Eusta-
1369 3655 1370 3676 ¹

217 3767 275 3828 thil
295 3767 362 3829 loco
384 3769 534 3831 Hesiodus
557 3770 662 3850 tradit,
688 3765 906 3830 Telemachum
925 3787 960 3828 cx
970 3765 1145 3851 Polycaste,
1165 3763 1289 3825 Nestoris

216 3867 300 3940 lilia,
324 3872 461 3950 genuisse
481 3870 693 3953 Perseptolio3
716 3881 805 3950 atque
826 3876 931 3949 postea
945 3866 1054 3927 Circen
1077 3861 1287 3936 conduxisse,

216 3985 251 4026 ox
273 3966 471 4049 Colophonio,
495 3970 548 4049 qui
568 3964 695 4040 νόστους
719 3967 809 4044 fecit,
830 3965 921 4026 refert
944 3964 1134 4026 Eustathius.
1175 3963 1286 4026 Verum

216 4061 454 4145 Eugommonem
484 4068 699 4149 Cyrenaeum,
735 4065 917 4149 Telegoniae
936 4065 1134 4147 scriptorem,
1165 4061 1223 4124 hoe
1242 4079 1287 4118 oe·

217 4163 346 4241 ciuisse,
369 4163 511 4225 discimus
532 4187 566 4225 ex
587 4167 717 4225 Proclo:

296 4260 468 4324 Idomeneus
488 4298 530 4313 -
552 4265 640 4347 aprici
654 4265 771 4324 Getam
785 4265 915 4344 interiit)
959 4261 1081 4324 Cretam
1103 4259 1198 4324 redux
1221 4253 1285 4318 ldo-

1213 4536 1255 4567 -h
1314 4582 1318 4599 Ι
