2698 4688
283 357 382 408 mm
703 353 951 409 lfflODUchO.

283 565 416 639 scivisse,
440 572 506 639 eut,
527 565 553 628 ei
577 560 713 644 sciverit,
737 561 814 626 nihil
835 560 1002 628 credidisse
1024 561 1064 628 de
1083 561 1203 650 Dictyis
1222 563 1269 648 Ep

282 671 359 735 ride.
402 671 451 732 (Ξῖ.
476 671 585 732 Kulrn.
606 669 646 733 nd
669 669 793 732 delien.
817 669 873 735 Xl.
894 690 923 732 n.

365 777 504 842 Ulterius
526 777 671 862 progredi
689 799 754 844 ¹nou
775 797 915 860 possum,
945 799 1003 840 nee
1026 776 1137 842 debeo.
1181 779 1219 840 ln
1242 799 1269 842 sc

279 886 470 966 ribuseuim,
490 886 635 967 quiante
649 894 900 946 commemoratos
922 894 954 946 et
972 885 1105 967 primum
1127 885 1266 950 seculum

277 1006 372 1072 runt,
405 992 478 1056 licet
506 991 640 1056 absurde
670 994 834 1056 commenti
866 995 929 1054 siut
960 1014 1053 1076 quum
1080 993 1232 1079 plurimu,
1268 1039 1269 1044 κ

277 1103 478 1168 inveniuntur
499 1102 531 1164 in
557 1101 701 1185 Hygino,
722 1101 882 1181 Diodoro,
903 1102 1090 1181 Parthenio,
1114 1102 1261 1182 Conone,

277 1218 324 1272 est
343 1207 447 1288 fabule
467 1209 624 1293 Dictynna.
667 1207 805 1292 Hyginus
824 1208 910 1276 haud
930 1213 1017 1274 novit
1034 1212 1171 1295 Dictyn3
1196 1212 1269 1272 unm

276 1325 362 1399 ctyr,
389 1313 438 1380 vel
458 1313 567 1378 saltem
588 1315 753 1399 Septimius
773 1337 847 1380 tusus
867 1327 913 1380 est
935 1318 1070 1402 Hygino,
1091 1329 1126 1382 ut
1146 1340 1202 1382 suo
1224 1319 1269 1380 loc

275 1422 429 1492 oebimuss
451 1434 544 1506 etque
562 1443 634 1486 cum
648 1423 799 1504 Diodoro,
818 1423 999 1505 Parthenio,
1020 1423 1145 1488 Conone
1165 1425 1269 1510 aliisqu

275 1531 457 1614 tiquioribus
479 1531 505 1592 si
526 1532 559 1592 in
577 1533 663 1594 venis
683 1532 862 1594 oommentis
872 1531 981 1615 Dictys
998 1531 1160 1612 consentit,
1181 1531 1233 1594 vel
1255 1555 1269 1592 e

276 1639 422 1720 pinquat,
456 1636 580 1700 eosdem
610 1659 681 1700 eum
710 1635 771 1700 illis
793 1637 890 1700 l'outes
909 1637 1052 1713 habuisse
1083 1639 1269 1702 statuenduu

276 1767 350 1816 uun
370 1757 444 1810 ente
463 1745 599 1810 emulum
614 1743 747 1828 primum
765 1752 797 1806 et
818 1752 891 1806 unte
904 1743 1057 1808 Neronem
1068 1747 1183 1830 Dietyn
1207 1768 1269 1808 non

274 1853 379 1937 puisse,
399 1873 490 1940 supra
512 1855 767 1918 confirmavimus.
807 1851 912 1914 Etium
933 1852 965 1914 in
988 1853 1036 1932 iis,
1057 1874 1136 1938 quoe
1153 1853 1269 1916 Ptolem

275 1983 312 2028 ex
338 1963 448 2048 Dietyc
467 1963 610 2026 sumsisse
639 1961 765 2042 censui,
794 1962 947 2024 incertum
967 1983 1033 2024 esse
1053 1963 1164 2045 pedum
1183 1961 1269 2024 nisun

274 2089 363 2153 posse
383 2079 548 2152 unumque
566 2067 674 2132 eudem
691 2085 782 2130 usum
801 2087 866 2130 esse
885 2065 1166 2132 fonteaffirmebier
1187 2073 1269 2154 atqui

275 2175 332 2240 her
351 2177 529 2260 scriptoris,
549 2177 604 2261 qui
626 2175 665 2240 ed
687 2175 850 2240 mendaces
871 2197 974 2240 rerum
996 2177 1179 2240 Tmicerum
1199 2189 1269 2240 unct

275 2281 373 2366 qualis
396 2284 459 2368 ipse
478 2295 543 2364 est,
565 2286 702 2348 animum
721 2281 878 2368 applicuit,
901 2283 934 2346 in
955 2283 1064 2348 endem
1084 2283 1151 2348 scre
1172 2287 1268 2350 verbe

275 2410 392 2472 sensus,
412 2393 445 2452 in
470 2389 580 2454 fabulis
598 2395 788 2476 praesertim,
809 2413 889 2475 quoe
911 2394 1038 2454 omnino
1060 2393 1204 2454 novitatis
1227 2415 1268 2474 spi

275 2499 468 2582 praeferunt,
497 2519 568 2560 cum
597 2499 646 2562 vix
680 2496 724 2558 sit
752 2498 914 2577 fortuims,
944 2507 1010 2560 tum
1037 2517 1112 2560 vcro
1137 2497 1268 2580 Aeliani,

275 2607 434 2685 Deretem,
453 2605 564 2689 Dictyn
580 2604 611 2666 in
633 2603 737 2669 multis
753 2615 939 2680 sectantem,
961 2604 1056 2668 oculis
1075 2605 1137 2666 suis
1156 2605 1252 2680 vidit,

276 2715 415 2778 monium
444 2733 541 2775 meum
569 2713 745 2796 opinionem
773 2713 840 2776 veri
863 2711 992 2774 similem
1015 2711 1106 2776 lucit:
1125 2733 1216 2796 quam
1237 2735 1267 2796 pr

274 2823 457 2906 comprobet
479 2819 619 2904 Septimii
640 2830 744 2900 aetee3
771 2841 862 2904 quem
882 2818 1024 2882 videlicet
1046 2821 1215 2904 posteriore
1232 2841 1267 2882 se

274 2929 366 2990 seculi
394 2937 482 3012 perte
512 2928 628 3012 Dictyn
650 2949 684 2990 es
710 2931 829 2992 Greecn
859 2931 891 2990 in
912 2926 1046 3010 linguam
1067 2928 1267 2992 Romanamt

273 3034 378 3098 tulisse
391 3057 570 3119 persuasum
590 3035 700 3111 huben,
712 3047 804 3118 etque
824 3057 859 3100 ex
880 3037 1032 3100 versionis
1049 3035 1199 3101 latinitate
1221 3059 1266 3100 mu

274 3143 462 3206 monstrabo.
509 3142 556 3204 Er
584 3141 644 3202 hnc
670 3151 775 3202 eutem
806 3138 915 3202 Lutinu
939 3143 1078 3206 versione
1099 3161 1266 3225 megnums

273 3252 338 3312 ceri
355 3248 427 3312 licet
436 3250 555 3333 Dietyie
570 3247 790 3324 celebritatem,
814 3258 849 3308 ut
860 3257 984 3310 centum
1000 3257 1083 3310 oerte
1098 3269 1205 3328 nonos,
1225 3247 1266 3312 vel

272 3357 371 3440 plius,
399 3359 545 3440 scriptum
567 3357 628 3417 inm
648 3354 884 3438 Ephemeridem
911 3355 1002 3420 luisse
1021 3355 1115 3440 accipi
1134 3365 1243 3440 quent,

271 3483 364 3546 quum
396 3461 435 3526 ed
463 3463 633 3526 versionem
665 3459 775 3545 uliquis
797 3465 966 3531 occesserit.
1007 3464 1106 3544 Atque
1126 3485 1187 3526 non
1206 3487 1265 3548 pon

270 3575 345 3656 quin
366 3572 496 3636 ulterius
515 3570 658 3654 progredi
688 3569 889 3654 mspicionem
910 3569 1017 3632 lucium
1037 3569 1224 3657 ingenueque
1243 3575 1265 3634 se

270 3680 363 3742 etiem
387 3679 609 3764 quinquaginta
637 3678 724 3738 anuis
756 3685 828 3738 oute
854 3674 1061 3738 Ptolemaeum
1091 3677 1265 3742 seribercD

269 3787 423 3873 potuisse:
446 3809 545 3870 neque
575 3789 686 3848 nimine
707 3784 852 3848 eudociae
872 3788 990 3848 crimen
1010 3788 1128 3849 irruere
1147 3787 1264 3850 arbitro

268 3899 337 3981 quis
368 3897 515 3957 Graecum
545 3893 616 3956 belli
643 3894 772 3956 Troiani
800 3892 1035 3976 Ephemeridem
1049 3897 1129 3958 circe
1151 3896 1264 3958 mediun

267 4003 372 4068 culum
394 4007 547 4086 primum,
578 4005 681 4085 ituque
701 3999 784 4063 lmud
807 4001 848 4062 ite
868 4000 965 4064 multo
985 3959 1201 4086 pestlleronis
1219 4015 1264 4066 eet

266 4111 420 4174 eonditum
439 4111 479 4172 nb
496 4110 654 4190 historico,
675 4109 739 4171 sive
751 4109 969 4172 Cretensisive
982 4111 1111 4188 Graeco,
1135 4115 1263 4174 statuerit

263 4231 367 4286 terres
387 4229 488 4285 motus
499 4223 532 4282 in
548 4219 637 4282 Crete
651 4239 751 4303 nuper
770 4217 907 4282 saeviens
920 4222 1032 4282 recenti
1044 4221 1188 4282 memorie
1209 4219 1263 4282 inlu
