2766 4690
170 102 281 169 ealda
300 112 414 166 mente.
441 99 613 186 Trypbiod.
646 97 708 184 593
735 98 842 177 Quint.
863 95 935 160 xtt.
959 113 1039 177 ease
1058 92 1167 156 Taete-
1191 89 1269 174 63⁴.

169 205 377 272 Memorabilis
397 203 482 266 locus
503 203 671 266 Pausaniae
691 201 744 263 lib.
764 199 820 260 lll.
845 199 893 260 13.

254 310 294 375 X.
336 307 476 372 Antenor
493 306 526 366 ἰιι
540 305 650 365 eadem
669 303 763 363 verba
775 302 930 386 placitum
947 295 1133 386 corfirmot)
1177 300 1268 360 lme-

173 411 219 472 s'it
240 411 380 473 Priamus
406 427 477 470 cum
512 405 625 489 populo
647 424 721 481 suo,
741 405 785 465 ait
806 403 957 464 Henricus
980 423 1007 467 c.
1027 399 1080 465 81.
1100 397 1154 460 sol.
1183 397 1267 477 142,

175 523 207 574 et
229 511 346 595 rogavit
361 520 533 592 praeterea,
554 528 594 569 ne
615 503 762 570 Helenam
786 505 954 587 punirent:
979 501 1063 584 quod
1080 501 1197 560 Graeoi
1218 498 1266 560 iri·

175 613 280 676 laritcr
304 611 452 674 adnuere.

260 716 319 777 x1.
343 712 495 789 caseata)
535 709 647 793 vege.
667 703 1054 770 Aen.11.1se.ms0reus
1072 703 1173 764 aare.
1187 700 1261 762 sue.
1360 667 1361 673 ‘

182 813 226 878 ι6.
238 827 373 898 sectaque
393 814 532 872 intem
543 810 637 870 obkte
658 823 765 870 cerem.
783 839 823 854 -·
832 806 1054 886 fabricatorem
1072 804 1136 862 eles
1149 801 1263 885 operis)

180 912 291 998 virgil.
317 915 394 975 Aee.
415 913 458 974 ll.
484 908 555 989 264.
576 910 643 970 doti·
651 911 829 986 febrientes·
848 907 956 990 Epeos.
973 939 1016 952 -
1035 905 1111 964 rotis
1132 905 1264 986 ιιιιεφο-

182 1019 270 1088 sitis)
324 1013 425 1099 Virgil
447 1013 521 1075 Aee.
535 1013 574 1076 11.
590 1011 660 1074 235.
679 1011 863 1096 pedibusque
878 1021 1015 1070 rotarum
1036 1005 1195 1066 atteram
1215 1003 1265 1064 la·

180 1139 260 1200 psus.
282 1114 457 1199 Tryphiod.
484 1133 548 1176 roo.
568 1105 681 1172 κύκλον
701 1105 876 1189 &aedredo
894 1106 999 1170 notes
1018 1097 1178 1185 νἰιεθῆκεν
1196 1095 1267 1166 iari-

184 1235 257 1300 στῳ.
278 1254 317 1268 -
349 1237 408 1298 quo
434 1225 570 1278 attractu
591 1225 685 1272 motae
701 1209 834 1293 facilius
853 1208 955 1294 joret)
1007 1203 1179 1289 Tryphiod,
1204 1223 1268 1268 ror.

187 1306 273 1388 ὅπως
300 1311 461 1398 πειθήνιος
489 1307 562 1396 εἴη,
594 1309 676 1394 μηδὲ
708 1307 922 1392 protostrator
953 1306 1149 1386 δυσέμβατον
1182 1296 1267 1385 οἶμον

189 1409 297 1501 ὀδεύῃ.

270 1515 380 1576 dentem
412 1515 603 1592 Mineruae]
656 1516 827 1598 lncriptum
866 1515 943 1576 luit:
976 1511 1083 1575 Daseai
1109 1511 1269 1573 Maenas

190 1614 268 1676 dono
289 1616 377 1676 dont.
402 1616 516 1700 Hygia.
539 1617 599 1678 tab.
624 1617 690 1683 rot.
731 1616 912 1678 scholiastes
926 1617 1034 1698 Eurip.
1056 1611 1178 1676 Hecub.
1202 1611 1268 1678 523.
1361 1620 1362 1628 ’

193 1717 256 1774 eit:
299 1715 432 1776 Graecos
452 1737 563 1798 equum
593 1717 745 1778 dedicasse
772 1718 815 1802 τῷ
851 1711 1025 1801 Οὐλυμπίῳ
1048 1713 1124 1792 Διῒ,
1153 1713 1200 1797 τᾷ
1216 1707 1270 1794 τὴν

199 1815 315 1893 Τροίαν
336 1811 538 1898 φυλάσσοντι.
570 1814 608 1878 de
632 1839 694 1899 quo
716 1817 816 1900 Heyu.
844 1817 885 1878 ad
904 1814 1016 1898 virgil.
1047 1815 1124 1880 Aen.
1145 1813 1187 1880 ll.
1206 1813 1272 1874 Ere

197 1916 251 1976 111.
271 1929 301 1977 et
328 1919 360 1978 in
381 1917 449 1984 Not.
479 1919 521 1982 ad
556 1940 587 1986 v.
614 1917 677 1984 183.
699 1953 737 1966 -
761 1921 921 2002 Rogarunt
950 1916 1062 1978 Graeci
1091 1917 1270 1986 Priamum,

198 2026 303 2078 narrat
332 2019 479 2079 Heuricus
506 2020 529 2081 l.
552 2019 590 2098 l.,
627 2041 701 2080 num
724 2040 835 2102 equum
860 2019 1036 2095 Minervae,
1065 2016 1116 2076 cui
1144 2015 1272 2076 dicatum

200 2115 336 2194 donum,
360 2118 390 2178 in
411 2118 524 2198 temple
548 2119 614 2180 cius
627 2119 805 2180 sacrificare
825 2117 941 2178 licitum
960 2127 1062 2191 esset,
1082 2125 1118 2175 ut
1138 2135 1274 2196 compen·

202 2227 303 2278 serent
323 2230 442 2300 raptura
463 2218 603 2300 Palladii,
616 2223 772 2303 Deumque
793 2218 989 2280 redeuntibus
1009 2219 1042 2280 in
1062 2220 1194 2299 patriam
1213 2236 1278 2297 pro·

201 2319 306 2398 pisiam
326 2321 385 2381 sibi
410 2321 588 2382 redderent.
630 2322 820 2404 Displicuere
839 2339 969 2402 preces:
1008 2321 1166 2380 Antenore
1183 2327 1277 2378 autea

205 2431 235 2480 et
256 2421 354 2482 Aenea
375 2443 486 2504 equum
508 2423 837 2507 magnificentissimum
862 2421 948 2481 urbis
970 2419 1061 2482 decus
1081 2417 1278 2501 praedicanti·

206 2517 285 2599 bus,
307 2519 446 2584 Priamus
470 2526 617 2584 concessit
638 2524 777 2598 tandem,
800 2521 868 2582 lieet
888 2521 1010 2582 invitus.

286 2622 506 2703 praenunciato
540 2624 698 2694 Troianis,
729 2624 783 2704 ut)
834 2621 911 2682 Cum
941 2615 1099 2702 permultis
1125 2620 1159 2679 in
1179 2615 1281 2678 fabulis
1362 2633 1363 2637 ’

208 2719 336 2802 Dictys.
365 2724 391 2784 si
419 2724 537 2805 singula
569 2735 708 2807 spatas,
740 2743 810 2785 cuin
834 2712 1014 2805 antiquitate
1041 2721 1227 2792 conveniat,
1254 2719 1282 2778 in

210 2839 326 2879 stimma
361 2825 543 2906 narrationis
566 2826 676 2884 mirum
701 2833 849 2906 quantum
870 2821 981 2884 differt.
1021 2819 1195 2883 Secundum
1214 2819 1286 2879 auti·

208 2937 337 2998 quorum
359 2929 518 3003 poetarum
539 2922 689 2998 fabulam,
727 2945 819 3006 quam
838 2920 958 3006 cyclicis
992 2919 1206 3003 praeeuntibus
1229 2919 1286 2978 lust

210 3018 375 3098 expeditam
397 3017 522 3104 legimus
542 3021 623 3104 apud
641 3025 790 3102 Quintum
810 3033 841 3084 et
861 3019 1038 3104 Virgilium,
1059 3039 1155 3102 usque
1175 3017 1213 3079 ad
1234 3017 1285 3077 bot

212 3128 330 3202 tempus
353 3143 441 3184 nemo
465 3125 650 3186 Graecorum
667 3125 697 3185 in
713 3123 853 3186 hostilem
863 3124 1067 3186 Troianorum
1088 3121 1198 3182 urbem
1217 3120 1285 3179 emi-

211 3243 280 3282 curn
303 3223 408 3304 pedem
429 3221 592 3287 intulerat:
614 3247 709 3308 quare
740 3223 806 3288 eliis
827 3225 946 3286 artibus
964 3243 1041 3306 opus
1063 3231 1142 3297 erat,
1164 3229 1202 3283 ut
1220 3240 1288 3303 per·

210 3323 373 3384 eiiadereot
397 3324 555 3400 hostibus,
586 3327 617 3406 ἰιιΙ
638 3349 740 3410 aqum
770 3347 832 3410 que
853 3325 960 3388 urbem
982 3345 1139 3387 armorum
1159 3323 1191 3386 vi
1211 3325 1288 3384 ines·

211 3424 405 3505 pugnabilem
424 3425 494 3488 dolo
516 3449 623 3510 cepere
643 3429 814 3510 sperabant,
838 3425 914 3487 nihil
933 3423 1055 3488 subesse
1075 3422 1200 3488 fraudis.
1222 3421 1289 3481 ste·

214 3525 302 3586 utatis
335 3526 427 3608 igitur
454 3529 596 3592 tentoriis
616 3549 686 3588 curn
709 3527 854 3588 Tenedon
878 3526 1076 3606 navigarent,
1102 3522 1234 3584 reditum
1253 3519 1290 3578 si·

213 3623 371 3702 molentes,
393 3627 548 3706 Sinonem,
571 3629 683 3689 Aesimi
705 3628 811 3706 lilium,
833 3625 915 3708 apud
937 3645 1050 3706 quum
1071 3623 1234 3704 reliquere,
1254 3613 1288 3676 td

213 3723 329 3789 fraudis
352 3737 383 3788 et
407 3732 612 3810 persuasionis
633 3751 762 3789 munera
783 3727 945 3793 delectum.
988 3727 1088 3806 Atque
1108 3723 1227 3784 Sinonis
1245 3737 1290 3777 tt·

206 3833 276 3904 tes,
300 3825 449 3929 dracones
469 3833 637 3893 Laocoonti
660 3828 785 3892 immissi
806 3827 925 3910 aliaque
944 3834 1081 3906 portenta
1101 3833 1171 3906 poet
1189 3815 1290 3883 mulli!
