2726 4686
259 337 310 408 ao
648 351 769 406 ntcsss
795 353 974 406 mmmsss

256 545 408 626 bellum
438 544 491 622 ob
519 543 715 626 solertiam
742 541 960 624 medicinae
991 545 1104 623 autu
1139 545 1239 626 dein
1279 553 1310 624 P

256 662 360 738 antis
388 660 623 753 Philocteta,
662 659 752 765 qui,
790 685 914 738 comes
948 661 1147 748 Herculis,
1175 683 1310 768 post<

256 803 404 856 cessum
445 777 528 854 eius
563 775 613 854 sd
649 774 739 854 deos
775 777 928 880 sagittas
965 771 1114 854 divinam
1146 777 1310 856 industr

217 991 234 1002 q
258 892 478 998 praemium
497 911 722 970 consecutus
739 909 811 970 est:
831 891 971 968 Nireus
985 891 1167 996 pulcher:
1186 919 1234 970 cx
1246 895 1310 972 Asi

254 1009 320 1084 mis
335 1004 574 1100 Mnestheus,
600 1025 640 1114 et
667 1007 763 1084 Aiax
786 1007 889 1084 Oilei
911 1031 958 1082 ex
977 1007 1155 1084 Locride:
1181 1035 1228 1086 ex
1251 1019 1310 1088 Ar

256 1120 539 1228 Amphilochus
574 1140 614 1201 et
648 1123 866 1212 Sthenelus,
913 1122 1139 1228 Amphiarai
1186 1129 1310 1232 Ampl

255 1236 408 1329 loehus,
433 1238 601 1343 Capanei
621 1239 739 1331 alter3
764 1264 855 1312 cum
882 1235 940 1314 his
958 1241 1151 1343 Euryalus
1167 1242 1310 1318 Mecist

254 1349 351 1430 dein
383 1377 430 1430 ex
460 1355 608 1431 Aetolia
641 1350 904 1430 Thessandrus
929 1353 1144 1456 Polynicis:
1170 1376 1310 1462 postre

255 1466 436 1546 omnium
458 1467 717 1578 Demophoon
741 1485 780 1548 ct
805 1473 971 1548 Acamas
1020 1471 1143 1554 Fuere
1163 1475 1302 1550 cuncti

326 1752 482 1810 medicinas
507 1757 593 1828 artis)
636 1753 678 1810 its
698 1755 764 1808 libri
781 1755 852 1818 mel,
879 1753 995 1809 Meretri
1025 1760 1055 1808 et
1071 1754 1214 1811 Obrechti.
1253 1755 1310 1810 Sub

275 1829 356 1892 entur
377 1827 521 1881 Burmann.
546 1827 581 1878 sd
607 1825 705 1896 Virgil.
729 1829 795 1880 Aen.
814 1825 872 1880 Vll.
892 1829 951 1896 76·-
972 1845 999 1882 ss.
1018 1828 1060 1898 43.
1078 1835 1108 1880 et
1126 1829 1212 1884 Wsss.
1237 1829 1274 1881 sd
1294 1831 1310 1883 S

256 1845 317 1965 lug·
340 1913 378 1950 ss.
399 1895 476 1966 vulg.
494 1891 626 1951 medicae.
645 1916 670 1949 v.
690 1897 779 1950 Gloss.

261 1979 263 1988 ·
327 1963 476 2023 discessum
493 1968 554 2022 eius
565 1965 691 2039 addens)
727 1967 804 2021 Libri
823 1966 918 2037 scripti
933 1973 962 2021 et
980 1963 1145 2021 editisstls's's
1162 1969 1201 2038 (S.
1218 1965 1310 2022 Galli

256 2039 302 2106 lli.
324 2057 344 2092 a
362 2035 426 2108 dis).
463 2037 564 2090 Verum
582 2055 641 2090 non
655 2056 672 2090 s
691 2037 766 2102 diis,
789 2037 839 2091 scd
855 2038 891 2090 ab
912 2037 972 2106 ipso
992 2037 1111 2092 Hercule
1128 2041 1243 2109 sagittas
1261 2057 1310 2094 nat

256 2119 301 2165 cst
320 2107 474 2164 mercedem
494 2123 544 2177 pro
567 2109 722 2163 ministerio
743 2110 772 2162 in
790 2124 858 2180 pyra
877 2109 1017 2178 praestito.
1054 2108 1184 2162 Veterum
1202 2109 1254 2162 hse
1274 2113 1310 2163 de

257 2179 452 2238 testimonias
473 2177 511 2230 ud
532 2179 640 2234 Closer.
658 2179 694 2233 sd
711 2179 790 2233 oud.
809 2179 876 2233 bist
895 2179 938 2232 tx.
957 2195 1017 2249 asp.
1052 2177 1195 2233 Librorum
1208 2181 1310 2236 lection

255 2265 315 2308 nou
334 2257 427 2322 potest
446 2196 555 2304 tirmsre
575 2250 653 2305 locus
671 2251 788 2320 Sulpicii
807 2249 900 2301 Severi
919 2249 951 2302 Η.
969 2249 995 2302 S.
1015 2249 1035 2300 i.
1051 2263 1076 2302 a.
1091 2252 1115 2305 5-
1136 2249 1236 2305 Essoch
1258 2281 1286 2294 -
1308 2281 1310 2304 ι

258 2323 292 2378 oh
319 2321 458 2376 iustitiam
484 2322 641 2376 munsterus
667 2339 686 2376 a
708 2321 766 2376 Deo
793 2317 924 2374 traditur.
955 2319 1033 2392 quod
1059 2321 1278 2391 interpretantur
1302 2343 1310 2376 t

256 2394 347 2449 doctis
378 2392 415 2444 sd
437 2391 517 2445 Deos.
561 2393 608 2445 Est
628 2393 737 2462 potius:
764 2390 912 2444 translatus
937 2407 953 2442 s
977 2389 1037 2444 Deo
1059 2399 1164 2444 eterra
1182 2393 1213 2446 in
1236 2393 1310 2445 corle

258 2461 327 2518 coe.
349 2463 463 2533 Argeut-
477 2459 583 2518 estem.
609 2463 683 2516 unde
713 2463 848 2532 Septimio
876 2462 1023 2532 genuinam
1050 2460 1198 2516 lectionem
1224 2463 1265 2517 sd
1290 2461 1310 2515 d

257 2535 382 2589 restituit
404 2533 577 2597 obsecutus,
604 2543 752 2655 postpuam
782 2534 822 2587 its
855 2532 908 2584 ism
936 2540 1109 2586 correxerant
1132 2533 1297 2602 Viuslingius

256 2605 367 2662 Tollius
387 2605 423 2656 sd
442 2605 543 2656 susos.
563 2603 630 2672 idyl.
649 2607 662 2656 1
688 2643 694 2655 .
716 2606 787 2726 pp.
801 2608 860 2672 ³⁰9·
888 2605 976 2658 litium
994 2601 1142 2656 Ciossnum
1160 2605 1195 2656 sd
1211 2602 1311 2660 ond!

257 2677 298 2729 ite
315 2677 424 2746 legisse,
441 2673 602 2728 ludicatbic
619 2677 708 2730 verbis
746 2677 785 2729 is:
804 2675 916 2740 „Dictys
932 2672 1073 2729 cretensis
1086 2673 1275 2736 Philoctetam,
1293 2693 1310 2726 c

257 2745 299 2802 ed
314 2747 389 2802 Deos
407 2744 511 2800 rediret
530 2745 680 2810 Hercules,
698 2747 757 2800 eius
775 2748 831 2800 tela
852 2744 926 2799 dono
944 2745 1080 2815 accepisse
1094 2747 1251 2800 memorst''
1270 2747 1310 2800 en

257 2809 335 2871 lercs
353 2817 461 2869 'l'clllus
482 2818 579 2871 scribit
595 2835 740 2874 secessum.
761 2815 899 2871 n‘Gloss.

327 2889 429 2944 Nireus
454 2887 583 2960 pulcher)
627 2888 861 2943 Addidamentum
887 2905 923 2941 es
947 2889 1044 2958 Syme,
1071 2885 1147 2958 quod
1166 2887 1195 2940 in
1211 2889 1310 2942 nonno}

257 2957 327 3013 Edd.
342 2958 669 3028 recentioribuslegitur,
692 2957 748 3012 huc
765 2957 929 3011 translatum
943 2975 977 3010 es
992 2971 1051 3026 cap.
1071 2974 1079 3011 s
1085 2973 1101 3023 7
1119 2957 1187 3026 (tres
1200 2957 1301 3012 Nireus

259 3029 360 3098 Syme).
398 3027 446 3080 lid.
476 3027 547 3080 crat.
575 3029 621 3082 hic
646 3036 675 3082 et
698 3029 804 3099 ubique
826 3028 914 3098 (tV.s
959 3038 988 3083 et
1010 3027 1061 3098 sii.)
1093 3028 1210 3084 exhibet
1233 3029 1310 3084 Nerei

259 3107 344 3170 etque
366 3095 478 3164 Νηρεύς
493 3099 566 3151 idem
583 3098 666 3150 homo
683 3109 796 3152 vocstur
815 3115 831 3150 s
847 3097 950 3153 bislee
970 3116 997 3170 p.
1019 3099 1074 3151 s35.

330 3167 501 3238 Mnestheus)
536 3169 582 3221 Sic
601 3167 661 3234 bic,
682 3185 740 3241 cap.
763 3185 802 3238 ¹7·
819 3176 849 3221 et
871 3168 915 3222 Vl.
931 3185 955 3224 n.
982 3175 1141 3226 constantes
1163 3169 1260 3240 optimi
1280 3167 1310 3224 lii

258 3237 302 3293 Al.
326 3237 508 3295 Menestheus.

330 3319 365 3363 est
392 3310 476 3380 Argis
502 3306 620 3378 Amphii.
646 3321 675 3363 et
699 3307 793 3364 Sthen.
814 3307 879 3380 eet.)
919 3309 963 3363 its
984 3307 1010 3362 S.
1034 3309 1105 3363 Gall.
1123 3327 1176 3364 see.
1195 3308 1239 3361 tx.
1264 3311 1310 3362 eti

258 3378 326 3434 Obr.
345 3379 436 3431 Ceteri
456 3376 523 3433 libri
542 3379 613 3430 mei:
641 3383 733 3450 Argus
758 3377 971 3451 Amphilochus,
997 3382 1127 3454 Cuppons'
1145 3381 1223 3434 ulter.
1250 3383 1310 3432 omit

257 3462 285 3504 es
303 3449 466 3518 Sthenelusp
491 3453 540 3504 Am
559 3449 659 3502 tiaras·
679 3449 880 3520 Amphilochus.
906 3451 952 3502 Ed.
971 3452 1045 3505 Crat.
1061 3459 1091 3506 et
1109 3455 1193 3507 uere.
1214 3451 1258 3506 Es
1273 3457 1310 3505 Ar

256 3519 453 3592 Anaphitochus
469 3469 651 3590 Amphiarai,
676 3532 702 3574 et
721 3519 864 3575 Sthenelus
883 3521 1017 3592 Capanei.

328 3607 390 3645 cum
408 3591 452 3644 his
471 3591 617 3658 Euryalus
639 3590 778 3665 Mecisses)
815 3589 841 3642 S.
858 3592 932 3647 Gall.
949 3607 1002 3646 sec.
1024 3591 1069 3644 tx.
1098 3591 1257 3662 Eurypylus
1274 3594 1310 3646 Mt

257 3657 339 3714 sthei.
361 3676 424 3730 opp.
448 3661 598 3731 Euripilsss
619 3663 748 3716 Mnessei.
775 3663 853 3715 bern.
871 3663 1020 3735 Essrips'ius
1040 3663 1185 3718 Mnesthei.
1204 3664 1249 3716 Ed.
1264 3665 1310 3715 Pru

256 3729 404 3800 Euryalus
420 3731 582 3787 Menesthei.
610 3730 777 3804 Corruptum
798 3731 885 3802 igitur
902 3741 1052 3807 utrumque
1072 3751 1175 3789 nomen
1193 3741 1241 3786 est.
1268 3735 1310 3788 Ρη

258 3810 336 3858 tetes
360 3801 432 3855 Crat.
451 3814 481 3857 et
498 3820 559 3856 cum
578 3801 629 3855 his.
652 3803 693 3856 ct.
717 3802 754 3854 sd
774 3821 832 3875 esp.
857 3806 896 3860 ss.

326 3874 463 3927 Postremi
478 3873 611 3941 emnium)
646 3873 688 3926 lts
698 3875 795 3942 scripsi
809 3875 972 3929 auctoritate
980 3875 1126 3951 utriusque
1134 3875 1190 3930 MS.
1200 3873 1226 3927 S.
1239 3873 1310 3928 Gall.

255 3941 307 3999 Ed.
323 3944 408 3996 Prius.
426 3943 515 3998 Antea
530 3945 669 4000 Postremo
689 3947 810 4000 omnium
832 3944 976 4000 edebatur.

330 4013 459 4086 Asamus)
495 4013 686 4084 corrumpitur
704 4015 734 4068 in
756 4014 833 4071 MSS.
851 4023 882 4070 ct
898 4016 966 4071 Edd.
985 4023 1050 4071 vett
1074 4015 1228 4072 Acamsutis
1247 4031 1308 4070 nom

257 4081 322 4148 hic,
346 4085 382 4135 li.
406 4085 448 4138 35.
468 4083 499 4136 V.
519 4087 559 4138 13.
581 4085 626 4138 Vl.
647 4087 856 4158 s..plerumque
881 4088 910 4141 in
935 4088 1072 4143 Athamas
1095 4095 1124 4140 ct
1141 4087 1274 4140 Athamas.
1298 4089 1310 4140 t

259 4152 333 4208 Crat.
345 4153 481 4209 Achcnsis.
516 4155 648 4210 Heinsius
665 4155 700 4212 sd
713 4157 808 4226 virgil.
833 4159 899 4211 Aen.
915 4159 948 4210 lt.
965 4161 1025 4214 siis.
1041 4160 1098 4212 iere
1116 4173 1222 4226 semper
1237 4160 1266 4210 iu
1281 4175 1310 4210 sc:

257 4232 309 4298 pto
327 4225 398 4284 cst.
415 4224 491 4301 spud
518 4225 622 4300 Dictys
640 4243 670 4283 se
697 4227 845 4284 offendisse
863 4227 937 4284 dicit
970 4230 1116 4294 Aetnam.
1153 4228 1268 4285 Omnino
1291 4231 1310 4284 n
