2860 4688
435 365 527 414 oum
553 364 698 416 mouns
723 367 789 416 tto,
816 369 852 414 n.
1115 363 1186 432 tta

106 569 235 648 rossem
272 549 322 628 ad
356 573 592 660 postremum
625 571 725 644 orat,
764 579 811 630 ne
838 579 968 656 preces
1003 571 1183 662 omnium,

104 693 186 744 neve
208 667 353 756 oblutas
375 675 526 770 nuptias
547 685 829 770 aspcmaretur:
860 698 1025 778 moxque
1049 703 1184 762 eorum

105 785 285 874 omnium,
317 809 418 887 quae
442 811 520 862 una
547 785 825 875 offerebantur,
854 795 1184 874 enumerationem

106 897 199 976 tuit

193 1017 252 1090 tt
301 1013 403 1088 Tum
424 1009 589 1088 Achilles
609 1013 762 1114 longam
784 1039 935 1092 exorsus
959 1021 1180 1116 orationem,
1218 1003 1226 1018 ⁸

107 1127 267 1230 primum
280 1127 457 1204 omnium
466 1145 548 1202 acta
558 1143 735 1228 gestaque
742 1153 808 1204 sua
817 1154 1016 1234 exponere;
1027 1163 1071 1210 ac
1086 1139 1179 1218 dein
1201 1205 1204 1212 .

104 1240 310 1334 admonere,
333 1259 498 1344 quantas·
519 1265 714 1318 aerumnas
729 1269 802 1344 pro
834 1247 993 1322 utilitate
1019 1257 1205 1346 omnium,

101 1356 292 1454 permlerit,
301 1383 396 1462 quas
410 1361 574 1433 civitates
587 1382 790 1458 aggressus
798 1366 952 1459 ceperit:
973 1372 1114 1444 cunctis
1124 1373 1179 1442 in·

104 1478 198 1550 terim
213 1473 534 1576 requiescentibus,
557 1476 635 1572 ipse
651 1477 801 1563 anxius,
823 1499 870 1548 ac
886 1475 969 1554 dies
985 1499 1180 1585 noctesque

104 1583 387 1662 testamentus:
413 1602 450 1663 et
475 1611 587 1691 quum
609 1611 724 1691 neque
745 1586 922 1664 militibus
950 1598 1030 1668 suis
1059 1621 1176 1700 neque
1266 1607 1270 1614 '

102 1699 166 1776 sibi
194 1707 267 1803 ipsi
293 1719 481 1804 parceret,
516 1718 727 1804 asportatas
757 1704 998 1782 nihilominus
1009 1711 1174 1810 praedas

107 1818 141 1886 in
174 1841 360 1892 commune
399 1815 547 1892 solitum
579 1815 770 1917 redigere:
809 1843 882 1917 pro
916 1827 1022 1922 queis
1052 1825 1173 1900 solum
1229 1893 1237 1906 .

30 2021 31 2026 Ἰ
106 1935 254 2006 omnium
280 1955 322 2026 se
346 1929 516 2015 electum,
549 1936 713 2034 quitum
739 1936 883 2032 insigni
907 1939 1046 2010 iniuria
1061 1936 1177 2013 deiro-

107 2063 317 2131 uastarunt,-
342 2045 461 2153 solurn
486 2049 538 2119 ito
562 2062 799 2136 contemtum,
826 2073 851 2121 a
875 2074 947 2151 quo
971 2050 1175 2153 Hippoda-

30 2141 32 2156 '
108 2164 185 2250 ntia,
219 2177 275 2236 tot
298 2158 466 2235 laborum
491 2166 670 2262 pretium,
700 2185 770 2261 per
795 2161 956 2238 dedecus
980 2164 1173 2244 obstruite·

109 2292 210 2350 retur:
241 2300 362 2378 neque
396 2279 437 2350 in
466 2299 512 2348 ea
535 2275 643 2374 culpa
666 2275 784 2352 solum
808 2301 888 2352 esse
912 2277 1182 2380 ΑςαιηειηηοωΙ

109 2415 195 2482 nem,
217 2389 287 2467 sed
312 2395 475 2466 maxime
499 2406 639 2464 ceteros
665 2389 845 2482 Graecos,
871 2400 954 2496 qui,
990 2400 1173 2474 immemo-

107 2530 209 2580 mores
252 2505 538 2606 beneficiorum,
576 2507 830 2582 contumeliam
872 2533 977 2582 suam
1023 2511 1171 2588 silentio

103 2626 354 2716 praeterierint.
420 2623 625 2723 Postquam
667 2613 783 2696 finem
832 2621 1016 2724 loquendi
1056 2625 1168 2716 fecit,

105 2735 304 2821 Diomedes,
331 2735 558 2821 Praeterita,
582 2737 658 2826 ait,
687 2735 889 2810 omittenda
912 2754 1017 2822 sunt,
1053 2765 1170 2841 neque

104 2869 227 2947 oportet
238 2851 458 2954 prudentem
477 2854 682 2927 meminisse
706 2866 984 2937 traruactorum,
1017 2855 1167 2954 quando

105 2989 148 3050 ea,
170 2973 235 3042 etsi
252 2971 418 3041 maxime
442 2971 578 3068 cupias,
601 2989 760 3068 nequeas
784 2977 972 3042 revocares
1014 2973 1165 3048 Interea

107 3079 261 3158 Phoenix
285 3101 437 3158 etcum
463 3109 508 3158 eo
532 3083 743 3172 Patroclus,
777 3081 1081 3172 circumstantes,
1107 3112 1168 3188 ge·
1273 3125 1277 3140 ·

105 3219 160 3269 nas
181 3217 295 3302 atque
320 3223 473 3274 omnem
496 3199 648 3274 vultum
674 3195 830 3287 iuvenis,
856 3223 992 3275 manus
1015 3198 1171 3276 adoscu-

105 3309 173 3395 1πὶ,
196 3315 419 3415 contingere
442 3337 586 3418 genua,
618 3311 758 3390 rediret
779 3315 822 3388 in
845 3318 1021 3414 gratiam,
1059 3333 1169 3419 atque

132 3575 167 3628 Η-
201 3583 269 3636 Tam
286 3581 368 3644 Acis.)
383 3581 460 3634 Bern.
480 3585 508 3633 et
525 3579 574 3634 tt.
593 3577 680 3633 Ptine.
700 3579 784 3634 Tune·
818 3577 883 3632 Mox
900 3577 965 3632 iibri
982 3579 1059 3653 long.
1075 3599 1165 3636 exors.

100 3659 169 3711 me,
187 3669 240 3705 uon
258 3655 334 3722 long.
355 3664 417 3705 orat
443 3669 484 3705 tx.
503 3649 575 3702 luiso
591 3650 618 3702 S.
632 3647 702 3700 Goll.
720 3667 783 3718 opp.
803 3667 954 3705 ammonere
973 3651 991 3702 i.
1009 3668 1031 3732 e:
1053 3649 1165 3707 admon.

120 3725 322 3844 t‘t’tttt’i
341 3721 382 3843 1¹0²}
398 3721 538 3842 &titi
547 3719 842 3860 'iii‘iiisfssiiii'
854 3720 1052 3859 ii'iffir‘i‘·
1074 3722 1163 3776 Μ

99 3785 119 3838 ⁰
154 3877 202 3924 pm
219 3809 367 3934 quidqu
387 3861 435 3918 Ed.
454 3808 534 3912 Mire.
553 3867 581 3912 et
599 3857 664 3910 Obs.
685 3859 724 3912 Ci
745 3859 781 3912 nd
798 3861 819 3911 1.
842 3859 881 3912 15.
906 3857 984 3910 musi
1001 3861 1071 3932 quit.
1091 3859 1164 3914 Inita

97 3921 137 3976 m
153 3926 574 4065 raozvpaffiuzm
585 4038 597 4061 ,
616 4005 704 4060 cont)
724 3997 772 4050 Ed.
793 3997 879 4055 Ptine.
898 4003 926 4048 et
943 3995 1001 4048 Obr
1028 4000 1163 4056 stultius.

94 4063 191 4128 adast..
216 4089 301 4126 manu
326 4085 397 4126 cont.
416 4089 477 4142 gen.
513 4069 693 4138 Transpomit
715 4068 819 4120 scilicet
837 4069 928 4118 nescio
954 4070 1015 4137 quit
1040 4069 1164 4122 ordinem
1262 4071 1268 4084 '

94 4137 241 4201 verborum,
272 4143 362 4214 qualis
386 4151 475 4194 exstat
500 4143 528 4190 iu
548 4141 573 4190 S.
597 4141 658 4192 Gau
683 4155 735 4190 soc.
756 4139 798 4190 tx.
819 4141 883 4190 uuit.
903 4139 954 4190 iuv
979 4155 1062 4188 manu
1082 4137 1164 4191 adot-

94 4207 155 4269 αἱ..
176 4224 247 4268 cont.
263 4229 324 4284 gen
361 4213 416 4268 Sed
435 4212 560 4264 omissam
578 4211 608 4262 in
625 4225 690 4267 voce
707 4227 791 4264 manu
808 4209 915 4262 literam
936 4225 949 4258 s
967 4208 1101 4277 tsbitror,
1119 4215 1164 4260 te·

128 4327 252 4364 ntem
950 4297 972 4359 8
