2782 4700
228 377 298 450 too
605 393 724 448 meres
749 393 928 448 cumanus

155 677 162 692 ‚
322 589 428 666 Vnt.
478 588 657 664 Ceterum
688 586 847 664 Hecuba
863 595 913 662 're
936 584 1086 690 cognita
1111 587 1300 694 placatum

225 705 313 781 deos
328 705 532 810 egreditur,
554 733 599 781 ac
615 708 820 812 praecipue
831 706 1043 781 Minervam
1061 723 1178 807 atquc
1191 705 1301 809 Apol·

224 823 362 910 linem,
388 821 586 924 quiscum
612 820 714 896 dona
739 823 881 904 multa,
917 838 1002 896 tum
1026 819 1198 896 victimas
1224 821 1300 926 opi·

224 967 303 1014 mas
341 938 530 1012 admovet:
567 937 631 1012 sed
664 939 707 1013 in
744 935 932 1012 adolendo
963 961 1062 1039 quae
1093 963 1199 1012 sacra
1231 937 1301 1012 aris

224 1053 499 1144 reddebantur,
536 1053 668 1127 eodem
702 1052 814 1128 modo
843 1053 1025 1154 restingui
1052 1051 1155 1155 ignes
1179 1079 1226 1128 ac
1249 1077 1301 1127 re-

223 1190 340 1276 pente
364 1170 522 1244 interire
547 1169 627 1244 visi·
677 1175 783 1244 Inter
807 1195 906 1272 quae
941 1187 1018 1243 tam
1042 1169 1188 1244 solicita
1214 1171 1300 1244 Cas·

221 1285 369 1374 sandra,
395 1285 465 1358 deo
492 1287 615 1389 plena,
642 1284 811 1359 victimas
836 1283 884 1357 ad
910 1285 1082 1358 Hectoris
1108 1287 1299 1360 tumulum

223 1403 419 1478 transferri
448 1405 630 1507 imperate
655 1400 744 1476 deos
768 1403 914 1504 quippe
940 1401 1132 1506 aspernari
1157 1403 1236 1476 iam
1251 1429 1300 1477 sa·

222 1521 375 1604 crificia,
402 1521 618 1623 indignatos
643 1521 693 1594 ob
719 1522 959 1594 commissum
985 1520 1100 1622 paulo
1122 1539 1212 1595 ante
1232 1545 1301 1595 soe·

157 1629 165 1638 ⁸
222 1637 282 1710 lus
310 1636 349 1709 in
375 1637 602 1740 Apollinem.
653 1641 709 1710 Ita
728 1636 856 1718 tauris,
883 1635 951 1738 qui
975 1636 1161 1712 immolati
1181 1653 1300 1724 erant,

221 1749 271 1826 ad
297 1779 432 1853 rogum
458 1752 662 1850 Hectoris.
681 1751 792 1826 sicuti
819 1751 1102 1855 imperabatur,
1126 1771 1301 1855 apporta-

222 1869 285 1958 tis,
317 1893 482 1970 moxque
515 1867 594 1969 igni
620 1868 812 1958 subiecto,
847 1885 1127 1943 consumuntur
1151 1887 1299 1944 cuncta.

220 1982 327 2077 Inde,
352 1984 421 2058 ubi
450 1985 526 2058 iam
551 2002 778 2088 vesperamt,
805 1982 963 2058 domum
978 1982 1188 2058 discessum.
1239 1987 1302 2059 At-

220 2125 298 2204 que
321 2099 452 2175 eadem
481 2120 590 2176 nocte
615 2105 788 2175 Antenor
812 2101 910 2174 clam
943 2099 986 2174 in
1019 2101 1207 2206 templum
1234 2097 1303 2176 Mi-

222 2243 360 2294 nervae
378 2219 493 2306 venia
510 2218 579 2292 ubi
598 2217 730 2293 multis
748 2217 925 2322 precibus
940 2217 977 2291 vi
994 2215 1121 2292 mixtio
1133 2213 1301 2303 Theano,

221 2360 322 2440 quae
346 2335 381 2410 ei
410 2336 552 2439 templo
576 2333 748 2410 sacerdos
774 2353 872 2422 erat,
898 2334 1101 2438 persuasit,
1134 2335 1194 2408 uti
1221 2334 1301 2409 Pal·

221 2451 370 2530 ladium
397 2453 469 2528 sibi
506 2451 688 2528 traderet:
727 2452 948 2527 babituram
975 2475 1142 2556 namque
1166 2478 1303 2556 magna

221 2571 303 2648 cius
328 2569 382 2644 rei
410 2571 590 2676 praemia.
640 2573 697 2642 lta
726 2569 894 2672 perfecto
919 2570 1070 2670 negotio
1092 2565 1306 2644 adnostros

221 2688 346 2794 venit,
371 2687 507 2788 bisque
533 2684 760 2790 promissum
784 2685 913 2759 offert:
946 2709 1078 2760 verum
1102 2682 1144 2758 id
1166 2681 1321 2770 Graeci¹

227 2803 456 2879 obvolutum
474 2801 582 2888 bene,
607 2827 685 2904 quo
710 2825 759 2876 ne
783 2799 947 2902 intelligi
971 2801 1153 2904 cuiquam
1173 2815 1303 2905 posset,

228 2967 517 2987 -ι-ι-ι-ι-ι-

290 3059 356 3112 vttt.
391 3061 469 3130 quis)
505 3061 584 3117 Rern.
604 3067 633 3110 et
648 3057 696 3111 Ed.
711 3058 793 3112 Merc-
810 3059 897 3131 qaeis.
926 3057 974 3111 Ed·
984 3057 1057 3112 Crat
1074 3060 1138 3130 qais
1155 3072 1213 3114 tarr
1229 3059 1304 3114 dara

221 3149 255 3186 a·
273 3145 528 3254 qutsppcantpplglum
546 3195 696 3264 transferri
721 3199 856 3270 imperat)
897 3165 989 3254 ttc'tns'.
1016 3197 1052 3250 sd
1077 3199 1154 3252 ostd.
1175 3199 1241 3253 Met.
1259 3201 1302 3252 vt·

222 3271 284 3341 569.
308 3285 341 3322 er
368 3277 476 3320 vetusto
503 3285 551 3320 suo
579 3269 647 3323 coo.
677 3269 743 3334 tegit
763 3267 893 3320 Hectoris
915 3267 1018 3320 tumulo
1047 3271 1078 3321 irs
1106 3273 1149 3326 rri
1177 3273 1303 3340 imperet.

223 3342 272 3394 Ed.
293 3343 373 3402 utere.
393 3342 460 3392 Hert
487 3339 589 3390 tumulo
608 3338 758 3408 transferri
776 3342 838 3407 imp.
873 3340 943 3389 Crat.
964 3347 991 3388 et
1013 3339 1073 3392 bart
1096 3343 1137 3393 ius
1165 3339 1210 3406 (sd
1227 3343 1247 3392 Ι.
1262 3341 1302 3409 ι9)

222 3409 263 3463 ad
271 3412 348 3464 Hecl.
366 3409 498 3460 aemulum
517 3411 665 3472 transferri
674 3407 839 3479 *inferrique
857 3407 954 3460 iubeo·
975 3407 1093 3463 Secutus
1111 3427 1169 3463 sum
1188 3425 1304 3463 consen·

222 3499 280 3535 num
298 3482 430 3537 librorum
453 3495 574 3530 meorum
592 3487 620 3529 et
645 3477 693 3536 Ed.
714 3477 779 3528 Obr.
816 3476 935 3528 Verbum
965 3479 1068 3548 insem'
1085 3482 1229 3552 interpreti
1254 3482 1304 3534 de·

225 3551 322 3616 betur3
342 3557 369 3600 et
388 3549 422 3600 ab
442 3564 474 3599 ea
493 3547 628 3618 proiectus
647 3557 687 3598 est
706 3547 813 3599 dativus
831 3561 906 3598 catus
924 3553 1039 3602 tumulo.

233 3645 237 3656 ·
289 3620 487 3693 imperabatur)
522 3621 596 3674 Crat.
615 3621 774 3690 imperatum
791 3630 841 3678 est,
855 3625 883 3668 et
900 3618 970 3670 inira
988 3620 1037 3672 ubi
1052 3623 1108 3676 iare
1122 3633 1304 3693 vesperem,

221 3693 252 3745 in
272 3709 328 3764 quo
347 3689 395 3747 Ed.
415 3690 500 3741 Ptine.
521 3707 574 3741 om.
591 3691 655 3745 iam.
690 3687 730 3739 Cf.
750 3689 859 3740 Praetu.
883 3707 908 3752 p.
928 3687 1017 3741 XLIX.

289 3765 387 3824 vente,
406 3761 464 3828 ubi)
483 3761 578 3821 Rern..
598 3761 624 3811 S.
647 3759 719 3810 Gall.
746 3773 809 3826 opp.
830 3764 858 3809 et
875 3757 924 3810 Ed.
943 3757 1029 3810 Prine.
1052 3763 1136 3817 versit.
1154 3759 1205 3815 Ibi.
1236 3761 1305 3816 Mox

220 3831 292 3884 crat.
308 3830 436 3902 precibus
453 3833 553 3882 mixtis.
571 3829 597 3880 S.
616 3828 687 3882 Gall·
707 3843 770 3898 opp.
790 3834 819 3880 et
836 3829 883 3880 Ed.
902 3827 989 3881 Princ.
1004 3831 1133 3902 precibus
1155 3833 1304 3894 inmixtis,

219 3909 346 3968 corrupte
368 3917 416 3970 pso
435 3901 468 3953 vi
483 3901 584 3952 mixtis.

291 3971 404 4028 Tium
422 3999 457 4012 -
473 3969 621 4041 persuasit)
655 3967 705 4018 ttd.
724 3965 789 4017 Obr.
810 3967 906 4021 Titana
925 3995 960 4010 ·-
974 3969 1091 4039 inpulit.
1110 3971 1186 4040 qnod
1206 3989 1222 4024 ι
1240 3987 1306 4024 eor-

220 4051 325 4164 pqutotre
345 4039 680 4162 propectumniqdieo,ecpi
702 4035 896 4162 ἷέιιοιῖἷιιῖιωπιγιιι
911 4039 995 4092 tertio
1014 4038 1070 4092 dici
1087 4057 1144 4093 uon
1160 4057 1245 4165 posset
1259 4045 1307 4166 vi}

277 4129 291 4161 a
326 4127 353 4162 r:
375 4125 389 4161 e
466 4127 481 4162 s
538 4125 615 4162 tuton
671 4125 706 4159 ux
892 4125 1024 4162 eassu-

165 4235 168 4242 ,
220 4131 322 4236 ltiEdl¹
336 4182 408 4234 Crat.
427 4127 545 4232 linteis
564 4179 637 4232 Crat.
654 4193 727 4251 quse
747 4177 842 4248 templi
859 4175 967 4239 sacerd.
1039 4125 1193 4242 pmii,
1214 4131 1232 4166 u
1260 4129 1291 4163 a

289 4251 411 4324 imeliigs‘
426 4249 569 4324 cuiquam)
604 4248 654 4310 tad.
671 4249 747 4303 Crat.
762 4247 896 4308 etObm
912 4265 1064 4322 quoquot.
1098 4249 1309 4324 Μαιμα-
