2860 4688
237 365 307 438 ¹80
614 382 733 434 morra
762 377 942 430 cumensis

233 593 343 654 metu
368 574 430 653 eui
453 571 548 652 adeo
575 567 783 662 deterruit,
807 586 854 646 ut
878 570 941 645 vix
963 593 1003 647 ee
1027 567 1231 648 moenibus
1254 568 1321 648 de-

232 693 437 772 fensarent
892 723 893 728 ¹

331 813 435 888 XXI.
484 805 649 884 Interim
671 804 947 912 Neoptolemus
983 799 1090 910 apud
1124 805 1325 880 tumulum

228 924 421 1015 Achillis,⁴
450 941 653 1030 postquam
687 922 730 998 in
769 939 970 998 auctorem
994 939 1178 1026 paternae
1201 919 1329 996 caedie

234 1042 479 1120 vindicatum
503 1056 567 1130 est,
599 1038 759 1114 initium
784 1034 942 1140 lugendi
968 1037 1106 1130 sumit3
1130 1059 1209 1112 una
1235 1062 1329 1112 cum

234 1157 426 1237 Phoenice
451 1175 569 1260 atque
596 1155 704 1232 omni
732 1152 1029 1259 Myrmidonum
1062 1153 1233 1230 exercitu
1259 1171 1329 1230 ‘co-

236 1301 316 1352 mae
360 1273 563 1378 sepulchro
608 1271 786 1377 deponit,
829 1287 1107 1376 pernoctatque
1149 1268 1194 1346 in
1231 1269 1327 1346 locs.

236 1395 310 1468 Per
336 1387 439 1464 idem
465 1407 616 1494 tempus
644 1387 716 1462 filii
741 1385 963 1464 Antimachi
980 1385 1074 1476 ‚.de
1105 1409 1186 1490 quo
1208 1410 1328 1488 supra

240 1505 552 1591 memoravimus,
572 1503 762 1616 'adiuncti
787 1503 934 1579 Priami
960 1502 1091 1593 rebus,
1124 1500 1176 1578 ad
1208 1502 1329 1578 Hele·

239 1649 338 1700 num
362 1623 547 1718 ueniunt3
572 1646 749 1724 eumque,
770 1638 817 1696 ut
841 1618 891 1696 ad
910 1619 1120 1696 amicitiam
1143 1644 1235 1695 cum
1251 1617 1332 1694 suis

241 1736 390 1828 redeat,
416 1737 629 1845 deprecati,
664 1737 738 1814 ubi
773 1736 876 1814 nihil
900 1735 1131 1843 proliciunt,
1165 1731 1217 1812 ad
1243 1760 1332 1812 suoe

243 1871 463 1945 remeantes,
488 1851 668 1930 Diomedi
692 1871 810 1958 atque
830 1853 936 1930 Aiaci
956 1853 1069 1929 alteri
1090 1853 1244 1930 itineris
1256 1877 1332 1927 me·

243 1971 309 2048 dio
337 1961 567 2048 occurrunt:
603 1970 653 2046 ab
678 1971 766 2073 quir
792 1967 1056 2076 comprehensi
1076 1968 1333 2076 perductique

244 2086 295 2164 ad
320 2111 446 2184 nereo,
471 2086 635 2191 quinam
661 2103 793 2177 essent,
819 2104 858 2163 et
883 2111 982 2176 rem,
1008 2087 1058 2165 ob
1082 2113 1199 2190 quam
1223 2109 1335 2162 rene·

246 2224 353 2294 rant,
393 2229 549 2280 omnem
573 2201 796 2307 expediunt
854 2205 956 2280 Tum
989 2203 1179 2281 recordati
1215 2202 1336 2310 petris

246 2307 393 2405 eorum,
420 2338 460 2396 et
484 2343 586 2423 quae
611 2317 813 2396 adversum
838 2319 980 2424 legatos
1004 2318 1146 2396 dixerit
1164 2319 1336 2396 molitus·

248 2463 326 2542 que
350 2439 420 2526 sit,
448 2434 549 2514 tradi
572 2461 633 2513 eos
656 2437 911 2543 popularibus
930 2456 1046 2542 atque
1066 2453 1157 2514 ante
1173 2461 1336 2542 conspe·

248 2575 356 2634 ctum
382 2547 637 2664 barbarorum
662 2553 827 2660 produci
854 2555 1003 2649 iubent,
1028 2553 1120 2630 dein
1141 2551 1336 2660 lapidibus

250 2671 401 2750 iniectis
424 2669 564 2748 necari.
614 2672 779 2750 Interim
802 2667 1008 2748 Alexandri
1028 2670 1147 2750 fuum
1164 2697 1234 2778 per
1250 2697 1336 2776 por-

252 2808 331 2866 tam
362 2790 481 2865 aliam
511 2785 562 2864 ad
588 2788 806 2880 Oenonem,
840 2813 941 2892 quae
973 2787 1009 2862 ei
1048 2805 1138 2864 ante
1168 2787 1338 2876 Helenae

252 2923 409 3010 raptum
440 2923 644 3011 nupserat,
679 2905 877 2982 necessarii
902 2903 984 3007 oui,
1008 2905 1070 2982 uti
1092 2906 1349 3012 sepeliretur,

254 3021 469 3126 perferunt.
527 3019 600 3099 Sed
629 3021 754 3099 fertur
787 3023 1004 3110 Oenonem,
1048 3022 1126 3098 vieo
1158 3019 1338 3097 cadavere

255 3138 488 3228 Alexandri,
528 3139 623 3214 adeo
660 3157 905 3231 commotam,
947 3139 1007 3216 uti
1042 3140 1175 3216 amissa
1212 3155 1338 3214 mente

255 3257 543 3364 obstupelicret,
580 3283 626 3333 ac
661 3256 864 3362 paullatim
897 3281 967 3364 per
998 3283 1211 3336 moerorem
1242 3254 1338 3332 defi-

264 3471 542 3490 ,Μ

294 3612 310 3659 ,⁴¹
329 3609 397 3662 xxt
424 3626 482 3662 una
502 3607 576 3674 cum)
610 3607 650 3658 tn
675 3606 756 3668 libri.
774 3621 830 3660 nou
850 3621 877 3662 et
896 3628 954 3664 uuo
971 3627 1040 3663 eum.
1076 3611 1107 3662 lo
1127 3627 1202 3682 eeqq.
1221 3611 1293 3666 Cret.
1313 3613 1342 3663 in

259 3680 419 3734 amicitiam.
439 3683 514 3732 llern.
526 3687 554 3730 et
567 3675 614 3729 Ed.
631 3677 709 3730 idere.
729 3678 764 3730 ab
782 3681 867 3752 queis.
904 3682 977 3734 Crat.
999 3683 1066 3736 Tum
1084 3683 1175 3737 metri
1191 3681 1342 3742 recordati,

260 3759 289 3804 el
303 3751 410 3823 legator
429 3763 544 3804 neutros.

330 3841 381 3892 W
395 3837 501 3892 ΡΟΜΜ
522 3821 623 3880 allam)
659 3817 734 3870 Libri
753 3817 830 3882 mei,
861 3819 908 3872 Ed.
929 3819 1001 3875 Crat.
1021 3829 1050 3875 el
1070 3823 1153 3875 More.
1172 3841 1224 3890 per
1238 3836 1342 3896 mem

262 3894 349 3946 aliam
365 3905 484 3976 portae..
507 3889 556 3944 td.
576 3888 643 3944 Obr.
665 3905 716 3959 per
730 3903 836 3974 portem
858 3893 965 3949 aliam,
983 3893 1082 3944 omitto
1099 3905 1208 3966 portae.
1245 3893 1344 3962 Scripsi

259 3961 1345 4106 ttututur·millet:tlttill-².&ftttttsstlitffisst

263 4103 366 4156 elatum
387 4103 534 4174 Alexandri
551 4100 672 4156 cadaver.
710 4101 893 4170 Intelligenda
912 4103 957 4156 hie
975 4119 1008 4156 oa
1026 4113 1104 4173 porta
1121 4116 1181 4168 eet,
1201 4121 1273 4177 quae
1288 4119 1345 4156 ver·

264 4190 310 4225 rue
330 4175 404 4228 ldom
422 4173 551 4244 patebet3
572 4175 603 4225 in
620 4171 668 4224 lda
688 4175 762 4224 enim
780 4173 938 4227 versabatur
959 4173 1093 4241 Oenone,
1119 4186 1149 4232 et
1166 4177 1235 4232 illuc
1249 4187 1345 4246 eorptn

264 4242 410 4298 ferebatur.
448 4241 509 4315 Qua
527 4242 562 4298 de
585 4259 615 4297 re
630 4241 760 4314 Apollod
778 4243 825 4296 111.
849 4261 888 4299 ra.
906 4245 931 4298 d
1335 4263 1338 4275 ·
