2782 4700
446 370 540 420 onim
566 368 710 418 mortar
738 367 802 418 nro.
817 367 849 418 v.
1113 347 1182 419 199

198 567 247 642 Χ.
297 562 458 640 Interim
484 563 693 640 domatores
727 578 858 666 pactae
882 560 985 665 pacis
1009 557 1058 636 nd
1081 562 1184 636 Tro·

96 685 177 757 iarn
202 695 321 768 eunt,
353 677 484 754 decem
510 678 596 754 lecti
623 676 754 764 duces,
787 673 1010 768 Diomedes,
1046 677 1184 766 Ulixes,

95 797 346 884 Idomeneus,
382 796 477 872 Aiax
500 795 764 879 Telamonius,
797 793 949 884 Nestor,
986 792 1186 882 Meriones,

94 913 246 1001 Thoas,
277 909 508 1003 Philocteta,
542 909 811 1014 Neoptolemus
843 925 959 1010 atque
992 905 1185 984 Eumelus.

98 1031 211 1128 Quos
240 1027 309 1102 ubi
336 1029 378 1105 in
403 1025 488 1104 foro
513 1025 814 1102 animadvertere
837 1025 1058 1130 populares,
1096 1025 1187 1100 laeti

99 1143 255 1220 animos
291 1143 459 1233 tollunt,
490 1143 607 1218 linem
639 1143 715 1217 iam
738 1164 1013 1218 aerumnarum
1034 1139 1190 1219 creden-

102 1279 169 1338 tea
221 1264 355 1362 Itaque
379 1259 540 1359 singuli,
567 1259 713 1365 plures,
741 1257 799 1334 nti
823 1257 987 1361 quisque
1009 1284 1190 1334 occurre·

101 1392 183 1458 rat,
210 1373 376 1478 benigne
402 1372 566 1460 adeunt,
599 1375 784 1465 salutant,
819 1391 936 1478 atque
960 1375 1193 1477 gratttlantes

102 1492 388 1568 exosculantur.
443 1493 545 1566 Tum
577 1491 753 1565 Priamus
791 1516 864 1594 pro
898 1491 1046 1567 Heleno
1082 1517 1193 1566 orare

105 1609 283 1698 Graecos,
303 1607 511 1711 multisque
532 1607 716 1682 adhibitis
737 1605 913 1712 precibus
928 1605 1195 1683 commendare

107 1722 346 1798 carissimum
372 1722 473 1812 lsibi,
506 1739 545 1799 et
572 1723 674 1800 inter
699 1740 842 1798 ceteros
866 1719 1052 1798 dilectum
1079 1722 1198 1826 magis

108 1855 272 1942 propter
292 1834 548 1943 prudentiam.
599 1838 701 1914 Dein
722 1835 790 1912 nbi
811 1855 960 1942 tempus
983 1837 1108 1915 visum
1129 1857 1193 1926 est,

109 1953 332 2028 convivium
372 1953 526 2058 publice
561 1974 740 2061 coeptum
782 1953 824 2032 in
864 1953 1011 2032 honore
1053 1953 1198 2032 ducum

109 2067 354 2174 adscitaeque
392 2071 505 2173 pacis,
542 2076 737 2148 Antenore
773 2069 1006 2148 deserviente
1045 2072 1199 2150 Graecis

112 2201 231 2287 atque
256 2187 362 2262 omni
391 2185 503 2263 modo
529 2187 692 2291 benigne
716 2187 919 2263 exhibente
943 2209 1095 2265 cuncta.
1147 2194 1199 2268 At

113 2300 213 2376 lucis
237 2300 351 2380 initio
385 2325 488 2380 senes
512 2327 642 2382 omnes
668 2304 709 2380 in
734 2301 871 2382 aedem.
889 2304 1085 2381 Minervae
1111 2331 1201 2382 con·

132 2481 408 2502 *ιι-

192 2583 225 2639 x.
251 2585 427 2658 firmatam)
469 2589 547 2640 llcru.
574 2596 603 2641 et
620 2587 644 2639 S.
665 2589 737 2643 Gall.
755 2605 818 2662 opp.
832 2591 951 2663 firnata
969 2609 1020 2644 rer.
1043 2590 1091 2648 Ed.
1113 2591 1202 2649 Ptine.

148 2668 237 2706 rorata
254 2675 292 2710 rc.

118 2651 453 2870 i>
472 2727 748 2871 stium
761 2728 1204 2872 malatestae·

149 2831 154 2842 ι
173 2825 188 2844 ‚s
207 2831 216 2850 0
610 2839 617 2862 2
899 2841 909 2862 J
1194 2836 1201 2862 l

118 2867 196 2920 ianr
213 2882 241 2919 ss
260 2874 308 2918 ecl.

191 2935 315 2989 salutant
335 2949 417 3007 atque
435 2939 607 3008 gratulanter
627 2941 728 3006 arose.)
764 2939 806 2993 lta
825 2939 874 2993 Ed.
893 2941 975 2994 llere.
996 2948 1024 2991 et
1042 2939 1107 2992 Obr.
1128 2941 1204 2994 Libri

120 3007 175 3056 mci
205 3009 331 3060 saluum
352 3009 525 3078 gratulantes
549 3023 631 3080 atquc
657 3027 743 3062 exose.
770 3008 822 3062 Ed.
842 3009 916 3067 crat.
935 3013 1089 3066 salutantes
1108 3029 1204 3082 aratro

118 3079 266 3147 tantasque
292 3095 381 3131 exosc-
404 3079 505 3130 Fuitne
531 3082 672 3144 ralrttaot,
697 3083 878 3152 gradiantur
896 3085 1108 3152 atonescam?
1141 3085 1203 3138 Lib.

120 3145 165 3198 lV.
188 3163 225 3198 tr.
244 3149 403 3200 exosculari
417 3148 619 3220 gratularique.

189 3217 301 3285 publice
320 3225 456 3289 coeptum)
494 3221 571 3270 Bern.
588 3222 696 3289 publice
717 3233 851 3292 aasentias
877 3233 990 3292 ceptam.

193 3288 225 3338 r‘n
242 3286 347 3340 honore
364 3287 473 3356 ducum)
509 3288 649 3359 vindingii
674 3293 867 3344 correctionem
887 3294 918 3346 in
935 3291 1065 3348 doctorem
1083 3295 1207 3348 latinita-

120 3357 159 3409 tis
178 3358 311 3408 rationem
330 3357 479 3426 efflagitare
498 3357 611 3412 allirnrat
634 3359 779 3430 Wopkens.
798 3377 822 3430 p.
840 3379 884 3433 9⁰·
922 3361 975 3414 Sed
994 3371 1102 3432 practer
1123 3369 1208 3420 libror

120 3426 239 3547 ἶῧιίρῑοε
255 3435 286 3510 et
295 3427 392 3546 ἢοιΙὶιοι
411 3429 553 3550 qnsostlidi
572 3447 675 3494 omnes,
696 3435 842 3492 etiamsot.
851 3431 916 3486 con
925 3433 1032 3490 Heiutii
1051 3437 1208 3490 adl'lrsedr.

163 3531 170 3543 ⁸
191 3497 480 3641 zilsdilaeiy'dzretiodii)
516 3517 588 3624 idda
606 3569 784 3644 adscitacque
804 3573 1035 3643 (tonsurans.
1057 3577 1212 3651 tritaeque)

119 3663 160 3678 -
178 3639 328 3690 amicitiae.
370 3637 420 3695 Ed.
446 3640 538 3710 llrtop.
567 3649 683 3712 utroque
708 3643 766 3696 loco
792 3645 953 3716 coitusque,
971 3659 1004 3696 en
1023 3647 1131 3698 scriniis
1152 3649 1210 3700 teil.

121 3703 277 3760 obiectet.
303 3709 418 3780 eiusque
445 3709 577 3762 librorum
608 3713 738 3782 vestigiis.
779 3713 972 3782 Dignissimum
1000 3730 1065 3765 tane
1083 3717 1210 3786 Septimii

121 3783 219 3827 acute
237 3783 279 3828 est
296 3778 421 3846 particio.
441 3779 537 3838 coitus.
573 3779 681 3852 Ulpian.
706 3785 764 3854 Dig.
785 3801 823 3852 t7.
843 3801 866 3835 a.
886 3788 929 3840 6².
949 3785 1093 3839 societates
1112 3791 1210 3842 coitae.

121 3844 197 3903 ibid.
224 3847 246 3899 3.
280 3849 411 3901 socictate
440 3852 524 3905 coita.
573 3850 666 3910 Norat.
693 3853 750 3924 Dig.
774 3871 811 3906 ta.
830 3855 855 3922 4.
873 3857 897 3908 8Α
926 3855 1000 3907 coito
1024 3859 1212 3914 matrimonio.

121 3924 154 3968 et
173 3917 213 3966 sie
237 3917 421 3988 iurisconsulti
448 3919 505 3970 alii.
543 3922 668 3976 Attamen
688 3923 762 3976 MSS.
785 3938 905 3975 meorum
927 3931 957 3976 et
973 3923 1056 3983 merc,
1073 3937 1211 3978 veterum·

121 4003 183 4058 quc
203 3985 271 4038 Edd.
298 3987 407 4040 ‹triobnr
430 3990 497 4042 locis
516 3991 601 4058 proba
628 3995 657 4044 in
678 4009 744 4046 voce
761 3993 938 4066 adscitaque
963 3991 993 4062 (i.
1019 4011 1043 4045 e.
1068 4007 1210 4065 acceptae,

120 4057 232 4126 partae)
250 4059 435 4123 gravissimum
455 4075 615 4112 consensum
636 4069 667 4114 ut
686 4066 756 4116 rclin
778 4079 849 4127 aaut,
866 4061 964 4115 adduci
982 4081 1055 4116 nuuc
1073 4081 1128 4119 non
1149 4087 1212 4136 pos·

117 4143 194 4178 aram.
237 4127 368 4180 Praetulit
392 4126 569 4202 adscitocque
597 4135 677 4185 ctiam
696 4083 842 4202 wadient.
887 4133 1015 4187 Heinsius
1039 4135 1071 4188 ad
1099 4137 1210 4192 Phacilr.

118 4199 233 4278 lV.ai.
252 4213 284 4250 ct
304 4199 362 4255 tls.
383 4214 432 4252 tuo
451 4202 559 4272 legebat
575 4207 759 4274 miserumque
776 4207 866 4277 pacit,
879 4213 908 4258 ct
935 4207 1210 4280 nitoremque-ami-

118 4279 224 4326 eattae,
