2860 4688
227 341 301 414 150
462 333 467 356 ‘
607 351 728 414 niceto
753 345 932 428 omnnio

221 555 389 660 quateris
413 555 675 648 sanissimum,
700 571 742 630 ut
766 553 1000 652 interficeret,
1024 557 1107 654 pati
1127 559 1320 656 potuisse,-

222 685 349 748 tautac
374 672 518 748 scilicet
528 672 663 773 fuisse
688 697 772 770 eum
788 673 1086 775 pulchritudinit
1104 689 1216 778 atque
1226 675 1321 774 for-

110 845 116 859 .
222 811 313 864 mae.
367 786 487 890 Quem
521 793 698 892 coniugio
734 788 872 866 deinde
899 789 1047 866 Oenonr·
1070 795 1234 866 iunctum
1258 815 1323 866 cu-

217 903 387 1006 pidinem
411 907 554 1005 cepisse
576 905 732 982 uisendi
756 909 930 1007 regiones
955 923 1067 1008 atque
1090 932 1211 1008 regna
1232 933 1323 1008 pro-

222 1021 286 1096 cul
304 1024 440 1123 posita.
489 1021 549 1097 Eo
575 1026 709 1098 itinere
727 1020 937 1107 abductam,
962 1021 1144 1098 Helenam
1165 1039 1322 1124 urgente

222 1153 335 1242 utque
356 1141 562 1241 instigante
585 1137 748 1243 quodam
772 1143 922 1215 numine
946 1155 1162 1216 cunctorum
1186 1143 1320 1214 civium

220 1257 376 1341 anuuie,
405 1255 481 1331 sibi
504 1261 614 1332 etiam
640 1255 805 1330 laetitiae
814 1257 959 1358 fuisse,
984 1280 1102 1352 neque
1126 1260 1319 1360 cuiquam,

222 1396 338 1474 quum
360 1370 493 1448 orbari
516 1371 662 1472 resilio
687 1373 806 1449 aliove
829 1377 1107 1473 consanguineo
1131 1390 1318 1457 cerneret,

219 1511 296 1562 non
311 1504 498 1590 acceptam
514 1504 635 1564 tamen
640 1522 655 1582 ,-
679 1488 761 1564 rob)
779 1493 943 1564 omnium
955 1489 1177 1566 aduersante
1196 1488 1320 1590 Ante·

220 1627 328 1678 nore:
353 1609 422 1710 qui
436 1609 545 1682 initio
558 1623 647 1708 post
656 1604 879 1684 Alexandri
895 1605 1057 1682 reditum
1063 1606 1192 1704 filium
1209 1632 1319 1681 suum

223 1717 419 1811 Glaucum,
443 1721 547 1826 quod
569 1728 651 1798 eius
674 1727 889 1799 comitatum
913 1740 1091 1828 sequutus
1116 1739 1213 1808 erat,
1253 1721 1319 1796 ab·

108 1901 110 1908 .
221 1835 425 1912 dicandum
459 1863 485 1914 a
512 1837 710 1939 penatibus
740 1844 823 1918 suis
854 1839 1076 1925 decreverit,
1112 1844 1179 1914 vir
1215 1838 1321 1914 domi

221 1950 388 2059 belloque
414 1954 744 2055 prudentissimus.
809 1955 981 2031 Ceterum
1009 1952 1100 2041 sibi,
1141 1960 1318 2060 quoniam

220 2072 276 2144 ita
300 2094 362 2145 res
386 2087 554 2162 ruerent,
590 2075 862 2173 optatissimum
885 2075 1186 2176 appropinquare
1209 2089 1318 2148 natu·

220 2208 286 2260 rae
306 2184 450 2285 finem,
469 2191 637 2271 ¹omissis
667 2193 742 2264 iam
777 2193 898 2291 regni'
919 2187 1184 2291 gubernaculis
1206 2203 1319 2293 atque

219 2322 331 2376 cura:
366 2319 510 2380 tanturn
544 2327 584 2383 se
620 2309 660 2382 in
683 2304 861 2382 Hecubae
873 2307 1118 2408 filiarumque
1142 2303 1318 2382 recorda-

223 2421 325 2494 tione
349 2424 531 2514 cruciari,
566 2447 679 2526 quas,
705 2439 792 2523 post
815 2422 1008 2500 excidium
1028 2425 1177 2522 patriae
1201 2425 1318 2522 capti-

220 2559 294 2628 vas,
320 2539 503 2625 ‚incertum
527 2543 634 2614 cuiue
658 2539 801 2613 domiui
812 2539 944 2638 fastue
967 2553 1164 2615 monerent

322 2653 486 2732 XXVII.
534 2653 639 2732 Dein
665 2656 813 2745 omnia,
842 2681 943 2760 quae
968 2652 1019 2731 nd
1044 2651 1317 2730 redimendum

222 2765 353 2844 filium
384 2766 547 2848 'advecta
583 2789 714 2865 erant,
754 2789 845 2848 ante
880 2789 1128 2879 conspectum
1167 2770 1319 2846 iuvenis

292 2961 412 3033 cenom)
447 2962 497 3016 Ed.
519 2962 594 3016 Grec.
613 2969 643 3016 rt
659 2963 744 3024 rcere.
763 2965 905 3020 Oenonae.
943 2963 1021 3018 Bern.
1038 2962 1127 3018 ononi
1141 2961 1160 3014 l.
1179 2976 1203 3014 e.
1221 2961 1316 3014 Oeno·

219 3029 259 3082 ni.
296 3031 327 3083 ln
345 3047 374 3084 re
415 3033 516 3086 .crae
538 3049 599 3106 cup.
617 3032 784 3090 deciderim
806 3051 840 3086 ue
857 3036 1013 3088 maximian.
1052 3033 1153 3086 Eadem
1173 3038 1202 3084 et
1228 3031 1315 3084 nere.

220 3098 341 3152 uidendi.
396 3051 444 3154 br.
463 3101 621 3159 adductam.
656 3105 720 3159 Poct
740 3055 874 3160 [lebnam
892 3107 921 3156 in
939 3105 1013 3160 Crat.
1039 3103 1239 3173 interpolatum
1264 3117 1316 3184 ue-

218 3181 301 3223 nureo
318 3185 431 3241 mpectu
449 3171 587 3228 decoram.
622 3175 702 3226 Bern.
722 3183 751 3226 et
769 3175 795 3228 S.
814 3177 885 3227 Gall.
907 3191 969 3244 opp.
990 3187 1132 3244 urgeretur
1157 3187 1241 3247 aeque
1267 3189 1316 3224 rn-

217 3241 373 3367 ztiigiargtergc.
411 3244 588 3366 {cdhnntncn
605 3247 700 3369 pglticn
722 3245 935 3366 ineligabctnrdb
944 3261 1064 3368 rigorem
1076 3245 1215 3311 Hereum
1234 3241 1316 3314 quari

248 3329 295 3366 tn
333 3328 445 3367 ermae
483 3329 626 3368 omineen
663 3331 784 3370 amorem
802 3333 839 3367 nn
861 3333 876 3369 e
901 3333 915 3368 e
938 3333 1027 3368 cnur.

286 3381 362 3438 demi
379 3383 517 3456 belloque)
552 3385 592 3438 Ex
608 3393 662 3440 vet.
684 3387 750 3441 Cod.
769 3402 819 3440 cuo
840 3335 971 3439 btrtnrtur
990 3385 1027 3438 cd
1052 3383 1133 3438 Ouid.
1155 3381 1223 3436 Met
1249 3379 1312 3433 xlt.

219 3453 277 3506 185.
296 3453 502 3508 rescribendum
529 3471 590 3509 ecce
616 3457 686 3512 dicit
711 3456 787 3512 domi
809 3457 947 3531 bellique,
975 3464 1007 3510 ut
1036 3455 1125 3510 habet
1149 3455 1232 3506 etim
1263 3449 1314 3502 Ed.

216 3523 309 3589 Crem
328 3532 412 3596 nique
430 3528 476 3580 ttr·
487 3528 601 3598 corrigit
619 3529 669 3581 tib.
691 3529 724 3581 V.
744 3533 776 3583 15
793 3537 822 3580 et
840 3529 887 3582 Vl.
910 3531 950 3584 15.
973 3526 1314 3599 eontraplurinorumat-

215 3611 272 3666 quc
292 3599 458 3667 optimorum
476 3595 610 3652 librorum
631 3601 722 3652 fldem.
741 3600 776 3651 cl.
795 3597 883 3650 Gloee.

287 3667 319 3719 in
337 3669 403 3726 Hec.
414 3698 443 3708 ·-
455 3667 650 3723 recordatione
699 3671 773 3722 Haec
792 3677 887 3723 contra
904 3668 1102 3739 vindingiutn,
1119 3663 1207 3719 deleri
1225 3663 1315 3716 iniu-

214 3733 346 3801 benten,
371 3739 500 3793 defendit
516 3741 598 3792 Perii.
620 3741 692 3800 Dree.
711 3741 737 3806 b.
754 3741 808 3794 XL.
843 3740 998 3793 Innumeris
1027 3740 1096 3792 loric
1120 3737 1250 3790 ciuiliter
1268 3735 1316 3784 lo·

215 3809 265 3878 qui
286 3809 451 3878 Apuleium,
469 3811 510 3865 nit
528 3808 656 3866 Oudend.
678 3810 714 3865 cd
730 3812 813 3883 Apul.
833 3809 902 3866 Met.
918 3809 964 3864 xt.
984 3828 1013 3881 p.
1034 3811 1094 3880 754.
1113 3825 1155 3881 eq.
1168 3806 1315 3862 ubietinm

214 3889 310 3932 notter
329 3881 406 3935 locut
421 3881 591 3952 producitur.

276 3950 375 4024 sactus
394 3953 548 4024 manerent)
584 3954 686 4010 Fertur
703 3951 781 4004 Nom.
800 3951 872 4022 plur.
891 3959 949 4018 eet,
966 3951 1019 4006 luc
1039 3949 1253 4004 conrtructione:
1272 3943 1314 4018 fi-

214 4019 271 4081 Bar
290 4021 381 4083 fertur
399 4023 570 4094 (ruperbtro)
589 4037 720 4094 manent3
740 4029 806 4084 note
824 4023 952 4078 formula.
988 4024 1069 4080 Rern.
1086 4031 1116 4074 et
1144 4022 1193 4078 Ed.
1219 4017 1310 4070 Princ.

205 4089 314 4175 scrutum
333 4096 510 4152 sustinerem.
528 4113 546 4149 e
562 4095 697 4160 librario,
717 4094 771 4167 qui
788 4093 892 4149 oblitue
911 4101 953 4148 ert
972 4095 1108 4165 corrigere
1119 4093 1201 4146 etium
1212 4103 1312 4158 quae-

213 4178 247 4216 ca
278 4181 348 4216 cuae.

246 4174 388 4293 μΧΧἮΙ,
424 4231 541 4291 advecta
558 4236 651 4310 erant)
687 4237 729 4290 lta
747 4235 776 4294 S.
796 4235 869 4291 Gru.
883 4252 941 4310 ecc.
961 4233 1017 4301 IX,
1037 4233 1090 4297 nt.
1103 4237 1176 4292 Grai.
1194 4238 1224 4286 el
1240 4228 1312 4284 ohr.
