2860 4688
268 347 315 420 98
650 359 767 410 nrcrrs
793 355 968 412 cammaro

266 559 390 662 plere,
418 556 460 630 in
486 577 621 628 manus
645 549 861 638 Diomedis,
896 549 966 651 qui
992 571 1083 624 eum
1106 548 1236 626 locum
1259 573 1341 626 eum

266 673 376 748 Ulixe
409 667 661 760 custodiebat,
703 667 872 743 devenit:
905 691 949 740 ac
973 689 1062 740 mox
1093 663 1143 740 ab
1169 664 1229 742 hir
1250 691 1342 742 com·

265 787 490 893 prehensus,
513 783 630 860 refert
653 801 792 860 cuncta
817 800 934 886 atque
958 777 1158 856 occiditur.

281 975 284 982 .
363 901 579 976 XXXVIII.
628 897 731 973 Dein
763 897 898 974 diebus
925 896 1077 998 aliquot
1108 895 1153 972 in
1176 893 1257 972 otio
1282 895 1341 972 tri-

266 1022 321 1110 tis,
347 1015 551 1124 productio
566 1016 770 1119 utriusque
792 1014 980 1092 exercitus
994 1032 1263 1119 praeparatur:
1291 1011 1343 1087 di·

238 1131 241 1140 *
265 1138 420 1238 visoque
445 1135 547 1209 inter
569 1157 607 1210 se
623 1161 777 1238 campo,
802 1132 872 1235 qui
896 1129 1045 1208 medius
1069 1130 1172 1208 inter
1193 1129 1342 1208 Troiam

188 1301 208 1353 ,-
265 1271 383 1355 atque
407 1275 518 1328 naves
544 1250 762 1339 interiacet,
787 1249 856 1326 ubi
883 1267 1033 1352 tempus
1057 1247 1230 1326 bellandi
1246 1247 1340 1323 ride-

265 1371 393 1460 batur,
419 1393 556 1472 magna
582 1393 675 1444 eura
699 1369 898 1445 universus
922 1367 1032 1443 miles
1055 1367 1265 1444 instructus
1287 1395 1343 1442 ar·

266 1486 339 1569 mis
364 1486 556 1588 utrinque
581 1482 795 1589 procedere.
841 1483 944 1560 Dein
976 1484 1084 1587 signo
1117 1483 1224 1575 dato,
1256 1484 1342 1558 den·

264 1601 352 1680 satis
375 1601 568 1692 frontibus
592 1600 797 1678 conflixere
821 1599 928 1690 acies,
955 1599 1161 1705 composite
1183 1627 1206 1676 a
1230 1603 1342 1678 Grae·

265 1720 336 1810 cis,
366 1745 412 1796 ac
443 1719 604 1822 singulis
639 1743 709 1823 per
734 1715 1046 1794 distributionem
1062 1729 1064 1736 ’
1079 1716 1241 1822 imperia
1276 1713 1341 1794 du·

266 1861 357 1914 cum
386 1833 697 1937 exsequentibus3
734 1854 867 1912 contra
899 1833 981 1912 sine
1005 1833 1119 1911 modo
1142 1853 1260 1940 atque
1285 1863 1341 1911 or-

266 1951 358 2027 dine
390 1951 562 2028 barbaris
595 1950 807 2026 ruentibus.
867 1951 1046 2026 Ceterum
1078 1951 1121 2027 in
1145 1976 1191 2026 ea
1214 1977 1341 2056 pugna

266 2066 458 2143 interfecti
484 2066 685 2169 utriusque
709 2064 829 2170 partis
852 2065 965 2142 multi
991 2066 1186 2162 mortalem
1221 2094 1344 2169 quum

267 2209 394 2288 neque
417 2184 650 2260 instantibus
673 2182 886 2273 cederetur,
908 2200 948 2258 et
970 2185 1143 2291 exemplo
1166 2185 1345 2260 strenuis-

267 2301 353 2378 aimi
382 2302 589 2402 cuiusque,
628 2300 716 2405 qui·
739 2301 844 2376 iuxta
884 2316 1056 2385 steterat,
1088 2301 1346 2405 'aequiperare

268 2418 430 2520 gloriam
454 2416 659 2492 festinaret·
709 2415 871 2492 Interim
895 2417 1087 2493 vulnerati
1115 2417 1279 2520 graviter
1300 2442 1346 2489 ex

269 2533 433 2611 ducibus
466 2534 567 2610 bello
602 2531 782 2609 decedere
815 2532 937 2608 coacti
959 2551 1071 2610 sunit
1095 2534 1350 2610 barbarorum

268 2657 421 2742 Aeneas,
446 2651 657 2758 Sarpedon,
682 2650 867 2740 Glaucus,
903 2651 1157 2755 Euphorbus,
1192 2649 1351 2755 Polyda·

271 2798 375 2866 maa3
399 2789 616 2847 nostrorum
641 2769 785 2859 Ulixes,
809 2767 1017 2860 Meriones,
1044 2769 1236 2845 Eumelus

368 2888 545 2963 XXXIX.
593 2888 771 2966 Ceterum
803 2885 998 2964 Menelaus
1030 2885 1130 2964 forte
1160 2883 1353 2990 conspica-

275 3089 563 3110 *ἡ

343 3229 485 3284 XXXVIII.
520 3242 604 3302 atque
629 3227 731 3298 naves)
764 3229 805 3284 Ita
829 3229 910 3296 libri,
928 3247 984 3286 non
1010 3245 1038 3286 et
1063 3250 1128 3290 nov.
1162 3233 1212 3289 Pro
1229 3233 1357 3288 bellandi

274 3305 352 3359 reru.
374 3298 541 3354 debellandi.
562 3304 592 3350 et
609 3299 681 3350 Infra
699 3301 858 3372 confluxere
877 3319 925 3371 pro
944 3303 1106 3374 conflixere.

292 3451 303 3495 t
332 3373 489 3494 dc'oll'pm'i
509 3370 666 3494 {nimiae
686 3371 769 3492 singg
804 3371 901 3426 Nullus
922 3372 1073 3437 dubitabit,
1084 3391 1152 3498 gigo
1164 3375 1204 3427 ric
1216 3373 1362 3458 secluserit

275 3461 290 3496 e
352 3457 475 3492 rsrnreu
582 3457 590 3490 r
631 3457 670 3490 u.
696 3457 720 3493 v.
1129 3463 1227 3500 nocer
1264 3459 1363 3498 orreo

278 3517 325 3568 Gr.
342 3529 377 3565 ac
395 3511 521 3580 singulis.
539 3455 615 3580 qpuod
633 3509 726 3578 placet
742 3511 909 3582 Wopkenaio
926 3530 953 3582 p.
972 3517 1014 3570 38.
1050 3515 1099 3568 Ed¹
1117 3515 1200 3568 Mers.
1222 3463 1365 3586 &mposi-

276 3599 335 3706 rao(³
351 3585 397 3634 Gr.
415 3599 450 3634 ec
463 3583 540 3663 sing.
557 3585 589 3632 ut
607 3587 635 3632 et
653 3580 772 3634 Perizon.
789 3583 858 3638 Dies.
876 3582 897 3654 §.
916 3583 982 3638 XLI.
1001 3585 1121 3641 exhibet
1139 3585 1181 3639 ΔΙ.
1192 3589 1366 3658 compou‘tae

275 3675 294 3708 n
338 3672 372 3716 η,
391 3669 426 3705 oc
442 3672 513 3706 sm.

346 3669 541 3794 aequiperabis)
577 3719 745 3776 Auctoritate
763 3721 789 3776 S.
812 3721 883 3776 Gall.
901 3739 953 3776 tec
971 3725 1015 3776 lx.
1035 3733 1063 3778 et
1080 3725 1129 3780 Ed.
1148 3725 1232 3780 Ptine.
1249 3725 1370 3778 restitui

276 3795 410 3864 Septimio
438 3793 578 3863 antiquam
605 3790 736 3854 lormam,
762 3809 777 3846 a
802 3794 1001 3865 glossogrnpbis
1021 3803 1315 3858 centumuirorum
1338 3797 1370 3847 in

275 3865 369 3919 miultis
393 3863 503 3946 optjmis
523 3861 608 3914 Codd,
628 3859 761 3931 Nepotis,
789 3865 928 3920 Ciceronis
953 3875 982 3920 et
1006 3867 1117 3936 Virgilii
1144 3869 1293 3920 inventam.
1338 3869 1373 3922 ln

276 3945 341 3990 cett.
359 3951 554 4006 aequiparare.

338 4004 504 4076 festinaret)
538 4001 609 4055 Crat
622 4005 804 4076 festinarent.
839 4005 929 4071 Μαίη
955 4021 1017 4058 nan
1044 4009 1083 4060 sic
1101 4005 1272 4076 expedienda
1304 4023 1374 4060 ora-

277 4077 333 4128 tlor
353 4083 382 4127 ct
394 4073 581 4126 strenuissimo
599 4075 698 4146 cuique
716 4077 783 4138 tlte,
802 4077 849 4146 qui
870 4077 947 4128 iuxta
964 4077 1183 4132 strenuissimum
1201 4077 1303 4134 stetit.
1323 4095 1374 4130 ac-

278 4147 423 4270 quiid'm
448 4145 562 4214 gloriam
583 4145 745 4200 Iertimretr
773 4153 805 4198 ut
829 4148 990 4217 explicuisse
1008 4147 1090 4204 rideo
1107 4149 1191 4204 otiam
1209 4145 1374 4217 Wopkens

771 3435 832 3496 lori.
867 3441 944 3494 Libri
962 3447 1016 3498 mei
1037 3453 1066 3497 et
