2782 4700
151 787 329 873 benigneque
360 787 517 876 salutator)
562 789 680 854 Eadem
709 790 843 854 formula
875 811 903 857 e.
927 813 959 876 9.
983 795 1023 855 II.
1047 789 1099 856 50·
1123 800 1156 858 et

66 886 132 955 cic.
154 887 235 950 Phil.
257 885 345 950 XIII.
363 907 393 951 α.
418 889 466 952 cf.
487 890 570 973 Sept.
591 891 631 955 V.
658 911 702 956 ro.
726 892 904 976 benigneque
924 891 1050 970 aduam,
1070 893 1155 956 ralrr·

66 1003 143 1054 taut.
183 989 317 1051 Attende
340 1001 493 1072 praetereo
512 993 787 1075 constructionem
808 1001 959 1076 exspectes
981 993 1083 1054 enimc
1103 1012 1155 1054 ra·

65 1091 157 1152 uerri
173 1121 214 1138 -
232 1089 425 1152 dedwurraa.
1082 1159 1086 1166 ,

150 1191 277 1273 largirer·
297 1191 511 1278 magurficeque
533 1213 583 1254 eos
602 1193 743 1276 habuere)
785 1193 914 1255 Locutio
936 1193 1065 1270 Graeco,
1084 1189 1155 1254 Sal-

65 1289 158 1352 lustio
177 1290 328 1374 frequens.
361 1292 431 1354 Vid.
452 1292 535 1356 Cort.
553 1289 592 1353 od
613 1292 681 1358 Cot.
717 1313 765 1353 rr.
790 1292 820 1360 5.
844 1293 896 1354 ubi
919 1292 1002 1374 Sept.
1028 1295 1151 1353 citetur.

65 1389 135 1453 Lib.
153 1392 193 1454 II.
209 1389 262 1474 47.
285 1389 474 1473 Astyrwmerr
501 1393 668 1454 liberulr'ter
693 1393 831 1454 babilam
861 1406 1048 1473 cognoverat.
1082 1393 1153 1454 liv.

66 1494 106 1554 II.
126 1510 178 1553 υ.
200 1493 364 1554 liberaliter
383 1494 479 1554 babiti
495 1496 621 1580 urltr'que
640 1497 678 1584 irc
694 1495 869 1556 calamitate
887 1515 956 1556 sua.
989 1492 1062 1557 Sall.
1085 1493 1153 1578 lug.
1291 1579 1297 1586 ι

65 1615 116 1654 eos
135 1627 176 1642 -
197 1608 334 1655 accurate
354 1609 383 1656 et
400 1595 567 1656 liberaliter
587 1595 698 1662 habui.

147 1715 223 1778 qrrae
243 1694 458 1756 exhibebantur·
475 1731 517 1746 -
536 1695 743 1780 accipiebant)
786 1693 934 1779 Accipere
964 1714 1045 1780 qaae
1063 1695 1153 1756 exiri-

64 1791 171 1854 benur
188 1793 239 1855 bic
262 1795 373 1856 dicitur·
395 1807 431 1856 ut
451 1795 503 1863 lib.
522 1797 561 1862 V.
581 1796 611 1858 5.
636 1798 770 1881 accipere
792 1797 906 1880 epulas.
928 1793 968 1856 ud
990 1815 1082 1877 quero
1103 1795 1153 1857 Io·

64 1913 137 1952 cum
157 1892 221 1958 vid.
244 1913 300 1956 noe
318 1905 349 1956 et
363 1895 478 1977 Wopk.
493 1915 523 1977 p.
539 1896 590 1980 87.
619 1895 726 1957 Adlice
745 1893 861 1976 Sulpio.
884 1893 988 1961 sever.
1004 1893 1043 1956 V.
1060 1895 1153 1961 Mart.

68 2011 116 2058 ro.
141 2013 170 2074 7.
190 1993 286 2054 cibum
310 2013 372 2056 uua
399 2014 501 2056 omnes
520 2027 560 2042 -··
583 1995 775 2079 acciplebant.
798 1993 852 2055 ubi
873 1987 908 2054 ex
930 1993 995 2057 MS.
1014 1993 1154 2055 vorstius

62 2111 220 2174 perperam
238 2093 493 2180 prueferlperer'p.
536 2095 698 2178 Hegesipp.
723 2096 763 2159 V.
774 2093 824 2174 24.
845 2115 914 2154 cum
932 2117 975 2156 ex
993 2094 1040 2154 bie
1054 2095 1153 2178 pleri

62 2211 122 2273 que
148 2203 267 2274 accepto
292 2193 359 2255 cibo
387 2194 495 2254 alvum
518 2207 695 2279 purgarent.
746 2191 893 2276 Accipere
917 2194 961 2254 ric
982 2193 1073 2254 etiem
1094 2211 1152 2276 pro

62 2287 163 2350 bibere
183 2292 256 2372 poni
278 2291 403 2354 adnotat
426 2294 592 2356 Burmann.
620 2293 659 2354 od
686 2291 780 2353 ovid.
802 2291 888 2360 Rem.
914 2292 987 2360 Am.
1012 2292 1085 2376 74⁰·

147 2407 214 2449 aare
232 2389 362 2472 laetitia)
405 2390 474 2455 Lib.
489 2393 531 2454 Il.
544 2393 592 2472 4ο.
612 2413 680 2452 cerm
699 2394 757 2452 iro.
780 2389 837 2455 111.
855 2391 902 2452 rb.
919 2409 988 2451 cum
1007 2389 1152 2458 audacia.

59 2486 104 2553 V.
125 2485 156 2551 3.
179 2507 246 2548 cum
265 2489 410 2553 luorimrlr.
430 2491 470 2552 V.
494 2513 540 2558 rr.
564 2511 631 2554 uera
651 2493 716 2553 ioco
738 2490 935 2572 lasciviaque.
960 2488 1015 2554 IV.
1028 2487 1061 2550 6.
1082 2509 1151 2550 cum

57 2587 171 2672 qra'ete.
194 2585 233 2649 II.
255 2587 305 2670 α4.
328 2609 396 2652 crare
415 2593 564 2654 arrrr'cr'tr'u.
593 2601 653 2654 oct.
676 2593 763 2652 More
791 2587 983 2650 sallustiano.
1004 2588 1072 2668 Iug-
1103 2585 1152 2666 ι4.

57 2705 128 2746 urm
150 2705 293 2748 moerore.
319 2689 384 2771 lug.
407 2689 457 2769 54.
475 2711 543 2751 crrrrr
563 2691 624 2752 ira.
643 2689 698 2750 ubi
720 2709 749 2751 v.
768 2686 872 2764 Com,
895 2683 984 2746 etad
1004 2683 1071 2746 Cet.
1094 2687 1148 2750 51.

58 2783 115 2847 58.
142 2783 254 2848 tliflio
274 2777 331 2848 ite'
344 2791 436 2850 etiem
456 2788 617 2873 Apuleius,
638 2788 765 2850 docente
785 2784 987 2866 Oudendorp.
1012 2783 1051 2844 od
1073 2785 1148 2844 Illet.

58 2883 102 2953 11.
125 2905 156 2967 p.
180 2905 247 2970 rpo.
281 2887 330 2953 cf.
359 2888 484 2952 Suetoo.
515 2889 588 2950 Ner.
609 2887 659 2968 34.
685 2907 752 2948 oum
780 2883 903 2966 gurrdio.
931 2884 999 2950 Lir.
1019 2883 1072 2947 38.
1097 2883 1147 2946 18.

58 2993 90 3046 et
112 2983 218 3046 Pluut.
241 2985 307 3050 Mil.
326 2985 412 3054 Glor.
440 2990 469 3053 3.
499 3009 525 3052 r.
540 3009 581 3074 ·9.
609 3009 675 3051 cum
692 3007 775 3048 auu.
805 2983 868 3045 Cic.
890 2984 932 3064 Q.
949 2983 1003 3045 er.
1024 2983 1051 3044 I.
1071 3001 1100 3044 α.
1119 3001 1150 3046 ².

57 3104 128 3144 curre
149 3105 253 3151 cruca.
398 3124 401 3150 .

143 3183 203 3252 111.
245 3183 309 3246 Per
326 3185 408 3248 idem
425 3184 551 3272 tempor)
591 3185 641 3248 De
653 3183 712 3248 boc
727 3181 865 3268 Septimii
876 3201 934 3244 usu
951 3181 992 3244 oi.
1008 3181 1093 3250 Cort.
1108 3181 1149 3243 od

59 3279 136 3344 Sall.
155 3285 223 3367 lug.
247 3283 301 3346 63.
329 3304 354 3346 1.

145 3381 253 3443 Aenea
280 3383 412 3468 aliisque
440 3403 484 3444 ex
507 3403 585 3451 coru.
613 3380 780 3467 comitiluu)
821 3382 844 3447 i.
867 3402 897 3463 q.
921 3377 1149 3442 comitantibus.

59 3477 187 3542 Soctoo.
209 3480 314 3544 Vitell.
342 3483 387 3546 15.
412 3481 522 3543 duobus
542 3482 614 3544 solis
633 3483 784 3543 comitibru
802 3513 843 3529 -
863 3480 984 3542 domum
997 3479 1076 3540 clam
1092 3499 1152 3564 pe·

58 3581 114 3639 α’ἰι
145 3599 203 3662 pro
228 3601 290 3663 quo
320 3581 393 3642 Ner.
425 3581 476 3648 25.
507 3583 619 3644 duobus
649 3583 722 3644 solet
747 3580 959 3643 comiturrtilrur.
999 3578 1151 3640 AblotIrie

57 3677 232 3740 istiumodi
252 3679 407 3758 absolutis,
429 3681 581 3744 intellecto
603 3681 696 3746 verbo
720 3681 919 3757 substentIro,
936 3688 1038 3740 noster
1052 3677 1152 3740 ebun-

56 3775 121 3838 dut.
146 3778 215 3840 Lib.
239 3779 279 3842 II.
303 3783 355 3857 [μ.
388 3781 473 3842 nullo
493 3781 601 3864 palam
620 3783 712 3842 boote.
736 3779 768 3860 4.
789 3780 916 3841 renutu
936 3777 1097 3840 &erenum
1118 3795 1151 3838 ee

54 3875 195 3938 ducibus.
218 3875 249 3944 8.
269 3879 436 3944 auctor-ihre
456 3879 559 3940 nuncii
578 3879 708 3960 Surdus.
729 3899 779 3944 or.
807 3891 850 3939 tot
867 3876 991 3958 egregiis
1002 3876 1151 3961 utquer'rr·

55 3977 149 4056 clytie
167 3977 304 4042 drreibru.
328 3979 382 4060 48.
408 3979 538 4065 aridique
552 4001 651 4042 cerrus
671 3979 802 4042 irirrricir
821 3975 995 4059 regiorum.
1042 3974 1087 4038 CI.
1112 3973 1153 4036 ed
1264 3959 1273 3982 ⁸

55 4073 249 4144 1.2r.nor.
275 4101 320 4142 cr.
349 4077 424 4142 salt.
452 4079 520 4162 lug.
538 4077 588 4158 4ο.
610 4079 729 4163 trepida
749 4077 815 4138 iam
840 4088 902 4136 tum
927 4075 1060 4136 civitate.
1084 4072 1154 4135 Cet.

55 4175 108 4255 59.
138 4178 180 4238 ab
208 4179 321 4240 dexaa
348 4201 424 4262 rupe
448 4199 568 4262 aspera.
602 4177 669 4260 lug.
694 4177 747 4262 67.
776 4174 961 4238 saevissimis
992 4171 1148 4238 Numidis.

54 4271 98 4336 Et
128 4277 177 4338 eie
204 4277 271 4341 ulii.
303 4311 348 4328 ·-
375 4277 433 4342 Ex
463 4277 760 4360 comaregtdaitateii
782 4296 814 4358 q.
841 4294 878 4336 ex
908 4273 1154 4356 ronunguineir.
