2782 4700
461 403 678 459 ononimus
704 407 768 458 us.
795 409 837 459 u.
1119 391 1190 466 stt

101 595 217 682 grdtati
235 591 366 658 adiutor.
416 593 465 657 Do
486 593 600 659 Dstiso
630 595 683 658 ef.
697 594 842 716 Oudend.
863 593 903 658 ad
922 593 1014 679 spu.
1044 594 1190 681 Apotfip

102 695 179 780 446.
200 695 253 780 qui
274 693 358 777 Sept.
378 691 476 762 affort.

186 795 244 862 xl.
286 795 590 877 mtustttnegotium
621 793 703 875 emt)
751 795 775 856 i.
807 813 835 862 a.
866 794 909 856 ita
941 801 1045 873 ratus,
1074 809 1110 858 ut
1141 819 1191 860 ras

100 899 168 980 ipsa
190 906 266 962 erat.
307 895 477 957 Obscuram
512 893 628 977 ellipsin
661 895 823 974 Septimius
850 895 971 978 petiisse
1002 895 1123 958 videtur
1154 919 1190 959 ex

100 995 176 1061 salt.
200 996 264 1078 lug.
287 991 338 1077 ip.
357 1007 439 1054 ratris
461 994 518 1072 id,
541 991 627 1078 quod
648 993 873 1072 remanebat,
891 996 1100 1079 frequentiam
1132 1015 1191 1058 ne·

96 1097 277 1176 gotiatotunt
300 1105 331 1154 et
352 1107 546 1155 commeabam
566 1125 608 1142 ·-
628 1093 808 1154 mwtimento
825 1095 912 1172 sora
937 1093 1005 1175 ing.
1028 1094 1078 1158 56.
1108 1109 1191 1156 ratus

98 1195 154 1267 id,
178 1195 260 1278 qrtod
277 1193 425 1274 negotium
442 1193 601 1276 poscebat
623 1193 800 1274 Irsgtotliam
823 1193 1029 1254 laborantibus
1053 1195 1115 1254 suis
1134 1217 1190 1255 au·

98 1295 184 1356 xiiia
203 1307 381 1371 wedunam,
412 1293 509 1377 ibique
526 1293 678 1376 proelium
693 1293 781 1371 forn
823 1291 937 1374 Suipio.
957 1293 1067 1359 Seuer.
1082 1294 1126 1354 fl.
1157 1293 1191 1354 S.

99 1393 127 1456 1.
150 1393 180 1459 ὅ.
203 1395 231 1457 3.
253 1395 351 1454 dicit.
378 1405 460 1455 mtus
481 1393 517 1452 id
540 1393 623 1475 prod
649 1404 733 1472 erut,
759 1413 855 1476 aquas
887 1393 1041 1455 decedam.
1094 1392 1191 1456 Pleno

97 1494 264 1576 Septimius
293 1495 336 1554 sic
365 1493 429 1554 fere
458 1493 643 1575 scripsisset.
681 1493 712 1553 is
739 1492 792 1552 ubi
819 1493 1051 1571 animadvortit,
1084 1492 1189 1575 procul

99 1613 243 1676 magnam
260 1593 320 1656 viru
337 1591 479 1655 classium
500 1593 653 1653 admotam
676 1589 788 1670 littori,
810 1613 938 1675 propere
957 1612 1031 1654 suos
1048 1595 1187 1668 instruit,

97 1695 291 1776 Graecosque
311 1693 413 1776 egredi
434 1695 611 1777 incipientes
632 1693 767 1770 invadit3
783 1695 882 1754 ‘ratus
894 1693 945 1770 id,
965 1693 1046 1774 quod
1062 1714 1109 1754 res
1122 1713 1190 1753 mo·

96 1793 203 1874 nebat,
222 1796 352 1855 Graecos
374 1793 502 1854 nuribus
522 1811 711 1874 egressuros,
728 1793 939 1875 Troianosque
963 1793 1038 1854 tinus
1062 1793 1189 1854 invasu·

101 1915 172 1970 ros,
194 1895 286 1978 atque
305 1893 347 1955 ibi
368 1891 518 1977 proelium
539 1894 616 1959 fore.
1057 1925 1059 1932 ν

182 1995 306 2056 uobao'e
326 1995 480 2071 omnibus,
509 2005 540 2054 et
563 1993 601 2054 ob
621 1993 660 2055 id
679 2007 786 2055 annua
806 1991 1049 2076 impediemibus)
1090 1991 1188 2054 Grno·

99 2115 209 2158 eorum
226 2092 393 2155 turbationi
414 2095 506 2154 nimis
524 2092 679 2153 turbatum
700 2103 730 2154 ot
750 2091 926 2175 impeditam
945 2093 1115 2153 orationem
1135 2112 1188 2152 no·

98 2193 307 2255 oommodavit
318 2193 491 2275 Septimius.
522 2193 616 2254 Recte
632 2191 759 2276 explieat
775 2191 943 2272 Wopkens.
965 2213 996 2273 p.
1012 2211 1071 2252 ιιι
1090 2211 1189 2272 quum

98 2296 204 2355 omnin
226 2292 348 2355 turbata
369 2303 486 2372 esseut,
507 2291 619 2374 iliaque
637 2313 740 2354 rennu
761 2290 948 2374 perturbatio
970 2289 1109 2367 (turbata
1129 2313 1189 2372 pro

99 2395 278 2454 turbatione
296 2393 349 2460 tib.
372 2395 426 2456 111.
452 2411 499 2453 to·
521 2391 567 2458 Cf.
589 2391 628 2452 ud
648 2391 688 2456 V.
713 2391 879 2473 1.)omnis
901 2389 1072 2471 impediret.
1115 2392 1190 2452 lmi-

100 2493 161 2554 tari
186 2495 353 2576 Septimius
368 2491 466 2554 voluit
484 2491 557 2555 salt.
581 2495 646 2572 lug.
667 2489 719 2574 98.
759 2511 850 2554 morsu
864 2491 1012 2552 maure
1030 2490 1186 2565 militibus,

98 2597 247 2680 quoniam
269 2597 445 2680 imperare,
465 2593 643 2656 mntwbatis
661 2593 813 2670 omnibus,
835 2611 896 2656 non
915 2604 1060 2676 poterat..

186 2693 356 2778 confirmati
375 2695 455 2755 inter
473 2711 506 2755 se
526 2693 670 2772 invicem)
715 2692 781 2752 Boo
802 2702 864 2765 est,
886 2708 982 2773 quum
1004 2713 1023 2752 a
1048 2711 1081 2752 se
1108 2691 1192 2752 iuvi·

99 2815 169 2858 com
188 2795 359 2857 ooniirrnnti
381 2804 501 2872 essent3
527 2812 598 2855 oum
619 2792 746 2854 invicem
768 2792 923 2866 animum,
958 2789 1102 2854 fiduciam
1130 2791 1191 2855 sibi

99 2895 265 2958 dedissent.
285 2915 317 2962 v.
337 2893 505 2978 Wopkens.
523 2915 555 2977 p.
569 2911 619 2960 us.
660 2891 942 2954 familiarissimum
956 2891 1107 2974 Septimio
1117 2913 1191 2954 ser-

98 2997 177 3060 bum
198 2995 388 3084 confirmare.
411 3015 444 3058 v.
467 2994 584 3079 Wopk.
605 3016 633 3077 p.
661 3012 708 3054 ιο.

182 3097 252 3160 xu.
292 3111 402 3158 metum
424 3095 552 3158 hostibus
571 3105 601 3156 et
605 3093 760 3180 fiduciam
777 3093 838 3154 suis
850 3091 990 3174 offensae)
1028 3090 1103 3154 snt.
1121 3093 1192 3173 ing.

103 3193 174 3264 105.
194 3195 422 3283 qui-Sytiae
442 3194 571 3280 albique
593 3193 727 3255 omnibu
740 3193 924 3254 -tosntem
945 3205 1053 3252 nisum
1076 3193 1191 3273 effic&

99 3297 182 3360 bant.
202 3298 268 3360 Gai.
283 3299 335 3376 4α.
354 3299 424 3384 plus
437 3297 552 3360 timoris
565 3317 654 3380 quaen
666 3295 797 3379 pen'srdi
817 3293 982 3376 efficerent.
1005 3293 1054 3354 cf.
1069 3294 1107 3354 sd
1120 3293 1192 3360 αὖ.

184 3400 283 3459 resisti
300 3400 363 3459 iant
376 3397 461 3483 apud
480 3396 544 3479 eos)
585 3396 608 3461 i.
630 3416 657 3460 e.
678 3397 758 3456 eirca
779 3415 841 3466 eos,
864 3395 896 3454 io
916 3415 952 3454 ea
970 3395 1113 3473 regione,
1134 3392 1191 3452 uhi

99 3499 278 3582 pugnabunt
301 3497 434 3560 Achilles
456 3507 486 3559 et
507 3497 605 3570 Aiax,
635 3493 732 3556 resisti
756 3513 775 3554 u
795 3494 937 3556 Troianis
966 3489 1100 3572 amptius
1126 3513 1191 3553 non

100 3600 213 3682 potuit.
254 3599 355 3661 Possis
375 3599 464 3659 etiarn
486 3595 653 3678 explicare:
677 3603 782 3654 eontra
803 3613 866 3654 eos.
886 3593 980 3654 Oros.
1002 3591 1043 3655 V.
1063 3589 1094 3669 4.
1127 3591 1190 3652 tto-
1254 3593 1262 3605 '

99 3700 203 3758 mauis
221 3698 306 3760 cirea
328 3719 394 3758 esais
416 3695 621 3777 (Viriathum)
634 3695 766 3771 sortiter
787 3693 948 3771 agentibra.
974 3691 996 3754 i.
1027 3711 1057 3771 q.
1081 3700 1190 3750 eontra

98 3819 173 3857 enm
190 3797 310 3858 fortiter
333 3819 398 3858 rem
420 3797 600 3878 agentibus,
624 3794 846 3876 pugnantibus.

188 3899 259 3980 quin
286 3897 435 3981 paulatim
463 3895 665 3956 decedentibus
696 3923 723 3940 -
738 3893 941 3970 fugarentur)
992 3889 1103 3949 Misero
1130 3886 1192 3947 loci

96 3995 234 4078 syntaxis
256 3993 331 4056 lineo
351 4006 417 4058 est:
460 3993 567 4077 Neque
587 3992 717 4077 amplius
736 3991 833 4052 resisti
864 3989 1043 4048 aTroinuis
1071 3996 1191 4068 poterat

96 4094 246 4156 adversus
270 4093 419 4156 Achillem
440 4103 470 4156 et
489 4093 634 4172 Ainoem3
655 4103 685 4152 et
708 4111 770 4152 uon
792 4097 917 4170 potuere
937 4086 1081 4164 Troiani,
1099 4089 1190 4168 quin,

97 4195 202 4278 primo
224 4192 371 4276 psstlntim
393 4194 533 4254 cedentes
554 4193 623 4269 his,
644 4211 722 4272 qnos
742 4188 905 4248 advorsum
925 4187 1045 4264 ierant,
1070 4185 1109 4246 ad
1134 4205 1190 4266 po-

98 4303 249 4354 stremum
269 4293 372 4356 onusti
391 4291 496 4376 iugum
514 4301 714 4376 capesserent.
761 4289 875 4352 Senam
901 4289 983 4348 euius
1011 4286 1191 4370 efflagitatur
