2698 4688
276 365 396 420 unu
710 403 714 408 -
738 363 909 416 emmmt

275 560 335 621 oiei
355 555 449 620 verbe
468 564 568 620 erent
589 555 679 615 nimie
701 553 848 635 oimpiioio
869 564 899 616 et
918 563 1044 636 operte,
1064 571 1100 614 eo
1120 553 1177 616 iem
1195 563 1278 620 antee

275 670 348 742 otyo
369 660 461 720 etiem
480 658 562 717 vecie
581 655 761 718 Phoenicum
782 655 902 714 dixisset
920 657 1071 737 perum,
1102 655 1182 737 quod
1210 676 1270 718 non

275 759 397 821 videtur
411 760 537 819 *ratione
557 757 624 817 ietio
645 755 833 837 expositum,
854 775 946 836 quum
966 766 1001 815 ut
1020 755 1090 817 inde
1105 754 1278 838 intelligeret

275 879 338 921 noo
369 868 489 920 tentum
519 855 640 928 literis,
667 855 720 918 eed
741 866 773 916 et
793 875 868 918 voce
887 875 923 916 eo
947 853 1049 938 lingue
1073 857 1185 918 Punice
1201 857 1279 918 hoo<

276 982 295 1021 e
324 959 433 1040 Dietye
461 955 513 1018 iilo
542 957 635 1018 fuisse
655 960 821 1038 seriptum,
853 955 934 1017 unde
963 956 997 1016 in
1024 955 1175 1018 Graecum
1196 977 1279 1022 terrm

276 1059 438 1126 transferri
452 1055 601 1118 debuerit.
642 1056 684 1116 Et
697 1055 796 1117 soreeo
808 1054 1003 1118 erediderunt
1016 1055 1047 1117 id
1060 1059 1234 1138 posteriores
1247 1059 1279 1120 Gi

275 1166 361 1216 tento
382 1155 510 1227 fecilior,
534 1157 605 1237 quie
625 1153 722 1238 etylue
743 1155 850 1216 Greeoi
874 1155 1014 1237 Dietyoe‚
1034 1167 1126 1237 prout
1146 1156 1183 1218 ed
1202 1155 1267 1218 iiior

278 1257 374 1335 veuit,
393 1277 455 1316 oon
477 1254 666 1338 praeferebat
685 1265 800 1316 tentem
820 1257 1043 1337 antiquitatem,
1068 1267 1210 1339 quantem
1224 1259 1280 1322 ieet

271 1367 380 1420 euotor
401 1357 510 1437 operis.

354 1457 491 1519 xxxn.
533 1451 659 1518 Frivola
687 1462 790 1515 eutem
820 1462 912 1532 tuot,
940 1473 1020 1535 quoe
1041 1455 1178 1538 Septimii
1202 1455 1281 1540 Epiet

272 1560 402 1643 opponit
426 1557 589 1618 Mememe.
639 1554 711 1616 Non
738 1555 852 1614 exstitit
878 1554 912 1614 ire
934 1557 999 1616 eiue
1022 1555 1118 1618 Codd.
1155 1568 1188 1619 et
1206 1579 1281 1640 repet

272 1662 304 1723 io
331 1659 417 1734 aliie,
446 1668 478 1720 et
497 1659 528 1718 in
552 1657 606 1732 iio,
638 1653 720 1714 uude
742 1673 880 1736 expresse
900 1665 946 1715 eet
965 1656 1218 1736 primoomnium
1238 1659 1281 1720 Ed

270 1783 289 1824 e
313 1759 425 1843 quibus
444 1759 577 1820 vioieeim
598 1767 673 1816 tuno
693 1753 779 1814 ebert
799 1751 853 1815 iile
875 1753 1036 1838 Prologus.
1079 1757 1158 1819 Deio
1178 1759 1282 1821 seriem

270 1881 382 1922 nexum
406 1857 534 1938 Prologi
561 1868 590 1916 et
616 1856 714 1940 operis
735 1854 829 1936 ipsiru
851 1855 968 1916 terrbat:
996 1866 1029 1918 ot
1048 1855 1196 1939 Prologus
1220 1857 1271 1921 iiie

270 1971 317 2022 eet
335 1957 376 2021 eb
396 1967 519 2020 eootore
538 1954 659 2037 operis,
680 1951 734 2014 eed
755 1951 795 2012 eb
815 1951 895 2032 elio,
919 1965 954 2014 ut
971 1975 1007 2016 ex
1026 1975 1064 2018 eo
1085 1959 1150 2040 ipso
1171 1955 1282 2042 liquet¹

271 2069 387 2120 eertum
416 2077 479 2139 quo
510 2066 542 2116 et
570 2054 693 2136 quondo
723 2055 929 2134 compositus,
959 2063 995 2116 ut
1021 2055 1098 2119 odeo
1127 2057 1212 2120 nulle
1239 2059 1283 2122 hit

270 2161 403 2243 genuino
421 2158 522 2218 eeriee.
566 2153 662 2216 Porro
691 2145 731 2234 Q.
755 2152 895 2213 Aruadr'o
915 2156 1060 2240 irueripta
1087 2159 1121 2220 in
1150 2159 1283 2246 Rufinum

267 2259 358 2320 sirit.-
378 2268 410 2320 et
433 2277 514 2318 uoue
532 2255 674 2336 idemque
695 2253 752 2313 iuit
774 2252 866 2314 homo
890 2255 928 2336 Q.
951 2255 1090 2320 Aradios
1110 2260 1184 2336 (ooo
1198 2260 1283 2322 Areo

269 2357 400 2446 Rufinus.
450 2355 590 2438 Denique
621 2351 850 2437 ephemeridem
870 2357 1006 2416 nemim
1030 2357 1110 2418 iuno
1129 2358 1238 2418 librum
1259 2381 1284 2420 ru

264 2460 413 2542 proprr'e:
437 2464 470 2516 et
494 2453 544 2516 iiie
566 2451 624 2514 init
647 2473 735 2513 verus
756 2451 845 2532 iibri,
878 2474 929 2514 eeu
961 2455 1055 2536 ipsine
1076 2455 1190 2518 Graeci
1211 2459 1282 2518 Dict

269 2554 394 2623 titulus.
425 2565 460 2616 ut
480 2575 516 2615 ex
536 2551 628 2612 Suide
652 2559 790 2625 constet,
810 2573 900 2632 quem
923 2553 1003 2614 bone
1025 2557 1126 2637 itaque
1145 2555 1205 2616 iide
1224 2577 1284 2617 eert

268 2657 441 2739 Septimius.
491 2654 614 2714 Groeeie
644 2660 746 2710 eutem
770 2647 923 2733 ἐφημερὶς
944 2653 1068 2715 notebet
1088 2658 1211 2737 proprie
1230 2656 1283 2716 diu

271 2756 416 2818 historiae
435 2753 689 2826 commentarios,
721 2750 832 2810 deinde
854 2745 927 2811 reio
939 2753 1029 2813 etiem
1049 2774 1172 2815 omnem
1186 2754 1284 2816 histor

272 2875 351 2937 quoe
374 2863 521 2937 perpetuo
543 2852 689 2933 temporis
707 2850 815 2910 ordine
836 2853 1036 2932 progreditur,
1058 2854 1160 2933 uude,
1186 2865 1221 2916 ut
1241 2877 1284 2915 oo

269 2958 333 3016 iem
361 2951 507 3036 Ampiie'e.
528 2949 723 3021 Obreohtue,
754 2951 845 3010 etiem
868 2951 1002 3014 Cooeerie
1021 2957 1252 3016 commentarios
1282 2997 1284 3010 .

274 3052 408 3131 μερῶας
438 3050 482 3112 iili
509 3049 661 3112 dixerunt.
713 3047 841 3108 Moleloe
867 3057 967 3111 teneo
997 3050 1101 3112 laudet
1126 3053 1242 3136 Diotyn
1270 3063 1282 3112 t

272 3146 468 3234 ῥαψῳδιῶν,
502 3147 554 3209 eed
585 3165 647 3227 que
678 3165 753 3204 vooe
781 3145 978 3226 designentur
1005 3149 1121 3232 einguie
1138 3151 1238 3213 iiuiue
1258 3174 1284 3234 ⁰i

269 3249 434 3316 voiumioe.
476 3247 522 3306 ite
542 3255 624 3307 certe
644 3264 714 3326 pag.
740 3265 807 3328 ¹7²·
835 3245 942 3308 Ταῦτα
966 3249 1084 3324 Δίκτυς
1100 3251 1134 3314 ἐν
1151 3252 1193 3335 τῇ
1207 3253 1283 3337 ἕκτῃ

267 3349 328 3411 τοῦ
349 3339 500 3432 ῥαψῳδιζι
523 3343 658 3418 effluo.
699 3342 786 3404 Nihil
801 3364 874 3427 ergo
889 3348 921 3408 in
943 3346 1001 3408 iiiie
1017 3361 1073 3420 eet,
1098 3372 1161 3433 quo
1182 3355 1284 3413 minus

266 3449 361 3508 ouioo
391 3445 465 3506 bueo
497 3443 647 3504 habentur
674 3445 853 3525 etantiqua
884 3447 975 3527 ipsios
1005 3449 1175 3531 interpretis
1205 3451 1284 3533 Epis

267 3546 359 3622 Quod
380 3556 411 3606 et
435 3563 499 3604 esee
516 3563 584 3604 eom
604 3563 689 3616 vere,
712 3545 802 3604 etium
823 3545 893 3604 iode
915 3545 1019 3628 liquet,
1044 3551 1126 3629 quod
1148 3549 1189 3610 od
1213 3551 1254 3633 Q
1273 3591 1284 3610 Α

265 3647 351 3708 dirim
375 3645 516 3730 Rufinum
542 3653 586 3704 eet
615 3644 748 3725 scripto,
777 3644 931 3708 bominem
951 3649 1023 3708 retis
1042 3669 1098 3708 ruo
1124 3659 1266 3732 tempore

266 3757 371 3823 utrem,
393 3763 455 3804 nou
477 3747 518 3804 ite
541 3754 640 3803 tumeo
670 3743 795 3805 cuilibet
816 3746 906 3805 etiam
929 3757 996 3828 poet
1016 3767 1068 3809 eur
1089 3747 1150 3810 iate
1170 3761 1284 3811 notum

266 3866 393 3930 ηιφεηιε
415 3856 445 3904 et
469 3843 624 3927 imperetur
642 3845 889 3924 groormatioulm
918 3847 982 3908 eiue
1005 3849 1195 3928 potissimum
1215 3849 1284 3909 ride

268 3953 445 4026 ιπεμιιηη
465 3963 575 4004 nomeu
596 3941 635 4003 od
657 3940 825 4024 Epietoieru
846 3942 937 4006 talem
958 3946 1138 4028 fingendam.

387 4041 540 4104 xxxllt.
583 4042 682 4102 Meior
703 4061 777 4102 reto
803 4052 848 4103 eet
868 4041 1026 4106 diffieuitue
1047 4047 1078 4106 iu
1100 4047 1275 4130 Septimio,

262 4139 416 4224 Eristoioe
440 4150 565 4204 rudore
596 4149 626 4200 et
646 4143 744 4222 operio
763 4139 855 4204 huius
875 4144 1057 4226 interprete,
1079 4145 1283 4227 reperiendo,

264 4243 298 4306 in
316 4237 518 4323 derioreodo,
554 4239 624 4321 quie
647 4239 739 4304 fuerit
760 4239 814 4304 ilie
830 4243 1013 4325 Septimius,
1034 4255 1065 4310 et
1083 4245 1211 4329 quoodo
1232 4267 1284 4330 pie
