2698 4688
266 379 375 428 xcvtu
673 374 923 427 sttruouthrtO.

350 581 470 661 Quodsi
491 591 613 641 enotata
637 601 698 642 non
721 582 904 642 confirmant
925 579 1130 658 sententiam,
1153 579 1260 638 infima

267 679 372 751 nitatis
392 688 591 771 scriptoribus
611 687 791 770 Septimium
814 710 878 750 esse
900 685 1157 760 adscribendum,
1184 684 1261 766 alia²

267 795 465 873 confirment,
487 815 550 856 non
565 795 671 857 habes.
701 797 824 857 Etenim
849 807 950 858 cetera
973 795 1069 856 verba
1092 803 1122 853 et
1144 791 1261 874 phrase

265 913 338 962 sunt
357 921 393 962 ee
416 901 519 962 omnia
547 922 582 963 ex
613 912 695 962 certo
715 900 800 963 fonte
821 901 974 979 derivari3
1003 900 1117 984 quippe
1139 921 1234 981 quae,

267 1029 334 1070 cam
364 1006 405 1070 ad
433 1007 554 1070 infimae
584 1007 741 1070 latinitatis
760 1012 945 1092 scriptores,
975 1011 1069 1068 immo
1090 1027 1169 1068 vero
1192 1027 1261 1066 nee

267 1115 414 1198 quidem,
447 1118 499 1198 qui
533 1126 670 1200 tempore
700 1117 893 1179 Constantini
927 1119 1052 1202 Magni,
1081 1117 1252 1179 autetiam

265 1221 450 1286 Diocletiani
469 1225 620 1302 vixerunt,
641 1225 703 1286 sint
721 1224 905 1292 reducenda.
926 1227 974 1287 De
995 1246 1107 1308 magno
1128 1223 1215 1285 enirn
1239 1220 1259 1282 il

266 1339 439 1414 temporum
463 1335 685 1415 proprietatum
705 1353 834 1395 nurnero
847 1333 894 1394 vel
909 1331 1010 1394 nullae
1031 1331 1080 1395 vel
1092 1329 1261 1393 admodum

266 1457 321 1498 cae
353 1447 386 1500 et
406 1437 456 1499 vix
484 1437 655 1521 dignandae
683 1439 714 1500 in
736 1441 884 1522 Septimio
907 1442 1127 1522 reperiuntur,
1162 1447 1192 1498 et
1214 1436 1258 1496 nb

267 1554 360 1625 sunt,
390 1543 512 1608 eaedem
532 1543 659 1629 singulis
676 1547 882 1628 antiquiorum
906 1567 1027 1628 quoque
1049 1545 1237 1626 scriptorum
1261 1573 1262 1594 .

266 1650 326 1732 plis
354 1652 517 1726 nitunturs
547 1674 649 1736 neque
680 1656 773 1716 etiam
809 1653 887 1715 nllas
917 1655 980 1716 sere
1000 1655 1137 1737 Septimii
1159 1653 1262 1733 propri

267 1760 300 1818 in
321 1755 447 1819 illorum
467 1767 641 1841 temporum
655 1759 856 1843 scriptoribus
876 1756 1048 1820 offenderis.
1070 1759 1117 1819 Ut
1139 1757 1255 1835 diram,

267 1865 382 1942 sentio,
412 1863 498 1928 nulla
520 1876 566 1928 est
586 1869 723 1950 Septimii
744 1877 912 1929 memoratu
932 1865 1022 1947 digna
1050 1886 1119 1925 cum
1142 1865 1209 1926 aliis
1229 1887 1262 1925 sc

267 1973 354 2034 ribus
375 1975 544 2037 communis
555 1975 734 2058 proprietas,
758 1993 835 2058 quae
856 1971 1025 2034 secundum
1047 1969 1182 2032 seculum
1205 1979 1262 2029 trai

267 2079 383 2142 dictur.

353 2189 432 2251 Tota
452 2191 584 2275 denique
606 2193 744 2276 Septimii
769 2192 902 2255 latinitas
926 2191 1051 2264 aetatis,
1076 2189 1161 2249 citius
1181 2206 1262 2246 consi

270 2295 419 2379 loquendi
451 2319 568 2360 morem
597 2322 721 2386 prorsus
750 2299 853 2384 egredi
876 2319 938 2360 non
963 2295 1078 2374 valuit,
1109 2299 1223 2354 intento
1255 2317 1263 2354 i

267 2403 349 2466 ultro
369 2407 435 2468 veri
457 2405 686 2468 similitudinem
717 2403 946 2466 constituendae
966 2399 1140 2463 facultatem
1159 2395 1244 2458 nobis

267 2509 321 2572 bet
344 2515 598 2596 scriptoremque,
628 2514 682 2596 qui
716 2534 778 2573 non
802 2510 885 2572 ultra
910 2507 1076 2570 seeundum
1105 2503 1237 2566 seculum
1262 2523 1263 2534 ¹

268 2619 430 2681 manifesto
463 2619 590 2682 indicat.
640 2620 745 2702 Atque
774 2628 890 2680 certum
921 2613 1062 2700 equidem
1083 2637 1117 2675 ex
1142 2613 1263 2695 lingua,

268 2729 374 2788 uestita
393 2731 490 2791 oratio
518 2740 585 2810 est,
615 2729 864 2814 exploratumque
885 2724 1002 2800 habco,
1023 2723 1131 2783 vixisse
1150 2731 1181 2780 et
1201 2720 1263 2800 seri

267 2833 603 2919 Pseudo-Septimium
621 2839 789 2921 posteriore
811 2846 897 2919 parto
918 2831 1042 2894 secundi
1063 2827 1165 2904 seculi,
1186 2837 1263 2910 post.

266 2938 380 3020 laium,
409 2954 444 3005 ut
477 2947 715 3007 Iurisconsultos
743 2963 865 3027 qnoque
893 2939 933 3001 ed
957 2939 1048 3000 finem
1070 2935 1160 2998 liuius
1183 2933 1261 2995 secul

265 3057 371 3108 ventes
389 3052 520 3110 noverit.
542 3051 674 3111 Secundi
694 3061 795 3110 antem
818 3045 910 3109 seculi
930 3046 1114 3127 scriptorum
1135 3051 1202 3102 sunt
1223 3041 1263 3100 lia

350 3153 420 3214 Lib.
446 3153 487 3215 V.
510 3153 541 3220 6.
565 3156 674 3216 bellum
696 3157 853 3214 instituere.
875 3149 1130 3232 Frequentissima
1150 3145 1263 3207 formias

269 3261 349 3321 stino
381 3262 435 3340 (ll.
458 3283 504 3324 ro.
527 3263 599 3324 XV.
628 3283 655 3323 r.
682 3283 713 3322 2.
736 3263 806 3335 cet.)
833 3259 881 3328 Cf.
908 3257 1045 3319 Trebell.
1068 3255 1143 3320 Poll.
1165 3255 1193 3313 in
1217 3253 1263 3316 Ga]

264 3365 361 3434 duob.
383 3388 413 3428 c.
436 3387 465 3434 o.
488 3399 529 3416 -
560 3367 629 3428 Lib.
652 3367 692 3427 V.
724 3366 971 3452 14.qur‘setr'am
994 3387 1073 3426 nrrnc
1099 3363 1253 3424 bellantia

264 3474 368 3551 nibeis,
389 3487 481 3556 atque
499 3475 622 3536 hostiles
641 3474 752 3534 rrtnltue
779 3475 916 3535 nationes
935 3473 1212 3553 timriantrepcrent.
1237 3467 1263 3524 ln

264 3579 325 3645 Vl.
348 3581 380 3648 ὅ.
401 3581 533 3667 rmclique
556 3583 628 3644 belli
636 3583 813 3663 annrdt‘ne
833 3584 1103 3663 circumstrepente.
1124 3575 1159 3642 cs.
1180 3572 1263 3634 Gloss

347 3687 416 3747 Lib.
442 3689 496 3755 Vl.
515 3711 540 3756 r.
560 3711 580 3749 a
596 3691 697 3775 puppi
715 3689 891 3750 secundante
912 3700 1195 3768 nerito-penencre
1213 3681 1254 3740 ad

261 3815 373 3875 gaeum
393 3817 487 3860 mam.
507 3797 616 3858 lustin.
638 3796 756 3861 XXVI.
768 3797 797 3859 3.
819 3815 885 3855 erem
906 3793 1090 3856 secundante
1111 3803 1190 3850 uento
1208 3789 1261 3848 mle

263 3902 310 3964 ad
328 3903 460 3980 Cyrenas
480 3904 665 3966 advolasset.

346 4011 414 4078 Lib.
436 4013 461 4072 l.
489 4031 534 4094 19.
550 4013 712 4094 promisce.
733 4011 871 4092 Antiqua
893 4009 990 4069 forma
1009 4009 1155 4091 prousisae
1174 4003 1263 4066 familis

262 4115 337 4174 sima
363 4127 408 4175 est
428 4115 528 4178 Gellio
553 4115 605 4178 lib.
632 4119 670 4176 ll.
698 4116 748 4194 aq.
770 4117 825 4176 Vl.
853 4112 898 4192 ¹l·
921 4113 1005 4172 Vlll.
1029 4118 1057 4175 3.
1083 4115 1123 4172 X.
1144 4133 1190 4172 ar.
1211 4111 1258 4176 xl.

263 4224 348 4286 Xlll.
375 4223 418 4288 16.
446 4223 492 4287 28.
549 4225 646 4288 Habet
666 4247 733 4286 eam
755 4227 843 4286 etiam
868 4223 1045 4286 Ammianus
1069 4219 1193 4284 Marcell.
1216 4219 1263 4280 XX
