2782 4700
410 315 513 406 'auur
534 335 678 404 moratu
702 353 770 404 urs.
794 353 843 406 vt.
1030 307 1037 324 ⁴
1093 333 1167 406 tta

76 545 208 654 spatio
231 542 400 622 fulmine
424 543 492 622 icti
518 543 725 622 intereunt.
774 541 956 631 laudm,
976 541 1045 621 oti·
1060 560 1170 650 proe-

78 667 235 744 dicttrm
258 662 444 742 divinitus
467 681 570 756 erat,
602 661 735 742 eodem
761 661 843 740 ictu
873 661 1086 740 fulminum
1110 683 1168 738 se·

78 779 175 858 data
207 779 263 857 vis
292 779 385 855 mali
411 779 666 885 immensaque
689 775 804 871 mari,
836 793 881 855 et·
905 775 1009 880 regio
1043 777 1169 856 omnis

78 899 229 1006 repleta
254 895 441 1000 frugibus.

184 1013 271 1090 llll.
321 1015 394 1088 Per
419 1011 522 1088 idem
550 1028 701 1117 tempus
723 1009 1002 1115 Neoptolemus,
1028 1009 1170 1088 confin-

81 1147 204 1226 mato-
226 1128 302 1204 iam
336 1155 427 1206 cum
460 1128 669 1204 Hermiona
703 1127 966 1214 matrimonio,
996 1127 1169 1234 Delphos

80 1245 134 1322 ad
160 1245 382 1352 Apollinem
408 1245 656 1348 gratulatum,
681 1243 789 1347 quod
815 1245 857 1318 iu
881 1261 1077 1321 auctorem
1101 1269 1168 1348 pa-

76 1379 219 1438 ternae
243 1358 369 1438 caedis
394 1359 653 1438 Alexandrum
682 1358 922 1436 vindicatum
946 1377 1055 1445 esset,
1081 1386 1171 1465 pro·

82 1479 294 1570 ficiscitur,
329 1477 462 1555 relicta
493 1476 536 1554 in
570 1475 685 1555 domo
717 1475 986 1554 Andromacha
1010 1478 1170 1580 eiusque

82 1595 168 1670 filio
192 1593 468 1681 tentamento,
502 1593 571 1698 qui
597 1593 771 1698 reliquus
794 1592 873 1670 iam
897 1593 1069 1670 filiorum
1093 1593 1168 1669 He-

80 1709 200 1788 ctoris
225 1711 475 1817 superfuerat
524 1709 597 1788 Sed
617 1710 826 1788 Hermiona
852 1729 937 1817 post
960 1709 1170 1790 abscessum

76 1827 178 1914 ¹viri,
202 1827 301 1903 victa
325 1825 457 1905 dolore
481 1827 620 1920 animi,
646 1853 772 1930 neque
798 1827 1023 1933 pellicatum
1048 1827 1169 1934 capti-

80 1967 152 2016 rae
186 1943 352 2046 patiens,
385 1961 582 2050 parentem
613 1969 728 2058 suum
750 1945 971 2022 Menelaum
1000 1945 1170 2024 accitum

83 2059 224 2136 mittit:
258 2059 323 2136 cui
352 2061 475 2138 multa
512 2081 719 2166 conquesta
750 2086 866 2168 nuper
889 2061 1035 2143 iniuria
1061 2087 1171 2170 prae-

83 2177 184 2252 latae
207 2177 280 2253 sibi
304 2202 328 2253 a
351 2179 434 2256 viro
459 2179 630 2286 captivae
656 2179 839 2276 mulieris,
863 2180 1081 2286 persuadet,
1106 2182 1167 2262 uti
1283 2269 1289 2280 ,

86 2291 215 2369 filium
239 2293 414 2372 Hectoris
440 2315 561 2373 necet.
608 2297 788 2374 Ceterum
812 2297 1098 2390 Andromacha,
1124 2323 1167 2374 ro

85 2409 259 2511 cognita,
286 2411 463 2488 instantis
487 2411 651 2517 periculi
678 2414 753 2488 rim
777 2411 1025 2516 subterfugit,
1060 2413 1168 2490 auxi·

83 2523 140 2598 lio
157 2527 403 2630 popularium
419 2527 596 2605 liberatat
619 2527 688 2631 qui
704 2529 868 2606 miserati
882 2529 1057 2606 fortunas
1073 2529 1166 2615 eius,

85 2637 194 2716 ultro
217 2643 435 2720 Menelaum
460 2645 702 2722 contumeliis
725 2644 928 2752 prosecuti,
950 2647 1013 2722 vix
1036 2673 1059 2722 a
1082 2672 1168 2754 per·

83 2779 185 2832 ntcte
210 2785 283 2834 vtrr
309 2759 449 2838 retenti
474 2780 576 2840 suut
610 2781 614 2790 ’

181 2875 288 2953 XIII.
343 2879 505 2956 Interim
537 2879 685 2958 Orestes
723 2872 927 2958 advenient
958 2907 1038 2958 rem
1072 2909 1166 2961 cuu-

86 3003 188 3065 ctam
213 2994 418 3094 cognoscit:
452 2993 632 3072 hortatur
654 2995 894 3082 Menelaum,
920 3011 966 3074 ut
989 2997 1166 3106 incoepta

84 3126 299 3210 perageret:
326 3111 405 3216 ipse
430 3099 563 3190 dolens
587 3134 836 3222 praereptum
860 3115 932 3192 sibi
957 3142 980 3191 a
1003 3117 1167 3225 Neopto-

86 3363 119 3448 td
138 3367 220 3422 Caes.
238 3367 269 3420 tt
288 3367 320 3422 G.
342 3367 399 3423 vlt.
419 3371 473 3446 dd.)
494 3387 527 3426 ex
547 3372 604 3430 MS.
632 3375 764 3447 Septimio
786 3377 895 3434 restitui
920 3379 1032 3434 nolebat
1056 3381 1168 3436 lerino·

85 3451 163 3498 uror,
191 3444 223 3488 ut
241 3439 277 3490 ad
299 3439 339 3493 lib
365 3441 412 3492 ΙΙΙ.
430 3443 456 3512 d,
472 3445 681 3514 adnotavimnr;
704 3447 751 3500 sed
771 3447 823 3502 hoc
840 3453 921 3504 unico
940 3451 999 3503 loco
1017 3448 1094 3506 MSS.
1111 3451 1167 3506 mei

83 3509 276 3591 trrffragautur.
294 3539 328 3553 ·-
346 3509 486 3566 Praeterea
513 3515 560 3568 Ed.
588 3515 674 3570 Ptine.
698 3521 799 3574 navim.
834 3521 909 3576 lutra
930 3539 981 3592 pro
1001 3521 1120 3594 sedatius
1138 3527 1168 3578 et

69 3575 226 3646 [ὼιηιιω
249 3581 275 3634 S.
300 3580 369 3634 Gott
390 3585 596 3705 oppgllumr'ne,
638 3591 780 3660 amintam·

150 3647 209 3731 llll.
246 3653 387 3724 reliquus)
421 3651 449 3705 M
471 3655 497 3708 δ’.
525 3665 553 3708 rt
575 3659 596 3710 li
618 3659 644 3714 d.
663 3661 782 3729 (praeter
800 3659 878 3734 obs.)
905 3661 1021 3736 reliquit
1037 3663 1056 3716 i.
1074 3679 1098 3714 c.
1116 3663 1166 3735 qui

80 3725 343 3843 ffi²2⁸2¹¹1⁸u⁸⁰fm⁸⁶l2
357 3733 423 3844 prat.
447 3725 560 3849 ¹Vcrprn
575 3729 622 3786 lid.
637 3731 701 3782 Obr.
721 3731 855 3802 reliquus.
873 3733 948 3802 qood
967 3733 1050 3801 magia
1068 3735 1167 3802 placet,

80 3855 108 3907 s.
128 3807 289 3931 cliiii?
301 3809 329 3915 ‚i
350 3801 1166 3946 sttmdtT‘rt't'ttttttf‘lti‘·,ilt'tdl’llt'tt

77 3927 107 3985 S.
126 3927 197 4014 Gau.
218 3947 281 3999 opp·
301 3953 334 3988 cu
355 3951 421 3988 tent.
442 3933 490 3994 lid.
507 3939 592 3992 Priuc.
611 3947 733 4008 capiens.

72 4005 300 4122 ,mmmm
334 3955 410 4061 MSS.
437 4007 555 4062 instans.
590 4011 632 4064 to
661 4015 741 4066 linem
768 4029 825 4082 esp.
849 4009 899 4065 Ed.
926 4011 1013 4068 Princ-
1041 4015 1167 4070 camerti

150 4136 222 4194 xm.
258 4145 453 4218 reincoepto)
490 4149 566 4204 Libri
595 4163 624 4204 ut
642 4153 703 4206 inre
723 4135 763 4204 lo.
802 4153 847 4204 [id.
871 4153 954 4206 Merc.
980 4161 1010 4206 ct
1033 4151 1100 4210 Obt.
1122 4155 1165 4210 uti

75 4224 184 4284 coepto
223 4215 296 4276 crat.
315 4218 357 4271 tttr'
374 4221 511 4294 lttcccpto.
546 4223 611 4277 Mor
628 4221 677 4278 Ed.
721 4223 762 4278 br.
781 4226 893 4300 ipsoque
910 4222 1014 4282 dolens⁸
