2724 4680
138 327 184 393 80
533 327 694 386 utem
709 323 868 387 emron

143 515 240 595 dnm,
266 511 1252 602 qnidamusuunpetriaetconn'tihnrpniremnhet,qnm

141 639 253 710 pacem
263 620 376 682 locem.
426 616 565 682 Antenor
575 617 635 696 ait,
657 616 883 699 reinvenisse,
912 615 987 704 quid
1001 613 1252 696 laniendnnrrirr

142 721 227 811 quod
246 722 309 787 sibi
327 732 359 784 et
378 719 440 784 illis
460 722 495 787 in
516 741 681 784 oommnne
695 721 853 808 proficiat,
880 719 956 786 dnm
973 721 1083 786 sibiet
1094 723 1159 788 ilhs
1170 723 1252 786 irnet

140 825 232 893 fides.
284 820 406 890 Omnes
420 826 502 888 sein
514 822 579 887 fide
593 823 798 905 obstringunt.
847 825 984 890 Antenor
996 837 1033 888 ut
1045 823 1175 890 cidisse
1192 826 1253 888 olr-

142 931 300 1009 strictunr,
324 925 638 1008 mittitadAenearn,
662 925 785 1008 trem,
808 926 1002 1016 prodendam
1021 947 1093 994 esre
1105 929 1254 1016 panim,
1348 981 1349 990 ,

143 1047 175 1102 et
194 1035 256 1099 sisi
271 1033 400 1118 surisque
417 1029 591 1097 carendum
613 1051 705 1096 esser
730 1030 1047 1115 adAgern'erunonera
1070 1029 1176 1096 dehis
1191 1033 1252 1096 nli-

142 1159 236 1227 quem
250 1131 437 1200 meandum
450 1135 530 1216 esse,
556 1156 618 1222 quo
632 1133 669 1200 id
683 1135 938 1224 sineauspielone
948 1137 1022 1200 liat:
1043 1147 1078 1198 et
1090 1149 1254 1202 maurn-

142 1243 218 1308 dum
237 1261 327 1320 esse,
351 1259 427 1305 nrm
444 1259 551 1322 regem
569 1241 685 1303 irruam
707 1237 748 1302 de
770 1242 901 1305 consilio
918 1240 1107 1320 cranmere,
1134 1241 1251 1326 qnian'

141 1367 252 1437 pacem
268 1345 415 1410 suaserit:
440 1345 543 1408 vereri
556 1365 600 1422 se,
625 1340 756 1429 nequid
769 1345 845 1410 nori
859 1345 982 1410 eomilii
996 1345 1092 1408 ineat.
1143 1342 1254 1431 Iraque
1348 1339 1349 1350 ’

143 1471 256 1516 omnes
275 1450 476 1536 promittunt:
500 1449 666 1532 unumque
689 1446 965 1531 Polydamantem,
994 1449 1053 1533 ¹qai
1066 1468 1109 1512 ex
1122 1448 1176 1512 his
1188 1449 1254 1512 ni-
1348 1521 1349 1535 χ

141 1557 228 1618 nime
241 1549 419 1618 invidiosus
437 1564 520 1632 erat,
546 1550 588 1614 ad
599 1550 866 1634 Agsmflnnonem
879 1552 1107 1616 clammittunt.
1157 1551 1252 1632 Poly-
1348 1569 1349 1599 ι

143 1657 254 1724 damas
265 1657 300 1720 in
313 1667 413 1721 corna
435 1656 619 1738 Argivorum
631 1655 789 1744 penenit,
815 1656 1082 1740 Agamemnone!
1095 1655 1249 1733 conruit,
1313 1714 1319 1730 ,
1348 1719 1349 1743 ,

143 1759 284 1847 dixitque
298 1760 344 1840 ei,
370 1779 451 1846 quae
466 1760 532 1824 suis
547 1761 713 1848 placerent.

597 1949 688 2068 crs.
712 1999 795 2109 Χῐι.Ι

241 2171 455 2255 Agamemnon
468 2172 549 2234 clam
562 2181 656 2234 noctu
671 2192 782 2235 omnes
800 2167 893 2235 duces
903 2171 937 2236 in
952 2170 1112 2236 consilium
1125 2187 1248 2234 conro-

140 2285 207 2344 cat:
228 2279 322 2341 refert
338 2272 471 2338 eadem:
494 2271 570 2362 quid
582 2263 691 2362 cuique
706 2273 863 2358 videatur,
890 2255 993 2338 di'cere
1007 2275 1102 2340 iubet.
1132 2271 1250 2366 Omni·

139 2385 198 2448 bus
219 2381 367 2470 placitum
392 2390 457 2460 est,
491 2391 527 2442 ut
549 2377 628 2444 fidas
649 2375 859 2467 proditoribus
882 2391 1031 2443 servetur.
1081 2377 1194 2444 Ulixes
1217 2387 1247 2439 et

138 2485 255 2552 Nestor
272 2483 376 2550 vereri
397 2503 431 2548 se
455 2479 581 2564 dixere,
608 2484 688 2548 hanc
707 2483 915 2550 temeritatem
935 2483 1054 2546 subire:
1078 2481 1248 2572 Neoptole-

138 2611 210 2654 mus
227 2610 283 2653 eos
296 2591 418 2652 refutat.
467 2586 554 2652 Dum
565 2587 647 2651 inter
669 2597 850 2668 recantant,
870 2587 1018 2676 placitum
1032 2587 1097 2665 est,
1125 2587 1247 2667 signum
1348 2631 1349 2640 ι

138 2714 158 2755 a
173 2690 399 2776 Polydamante
412 2689 514 2772 exigi,
530 2704 561 2754 et
576 2702 702 2778 propter
714 2689 747 2752 id
760 2690 865 2778 ipsum
880 2689 1032 2756 Sinonem
1046 2687 1088 2752 ad
1101 2689 1245 2766 Aeneam,
1348 2745 1349 2752 ,

136 2797 305 2862 Anchisem
318 2809 349 2860 at
364 2795 552 2858 Antenorem
565 2793 659 2857 mitti.
708 2792 808 2858 Sinon
824 2792 866 2857 nd
880 2793 1008 2859 Troiam
1027 2794 1246 2884 proficiscitur:

137 2913 186 2982 et,
207 2902 280 2988 quia
293 2895 434 2964 nondum
449 2899 552 2963 clares
566 2910 676 2986 portae
690 2897 907 2986 Amphimachi
923 2895 1103 2962 custodibus
1116 2895 1249 2960 traditae
1348 2930 1349 2976 p

135 3016 240 3084 erant,
267 3004 357 3085 signo
370 3000 444 3066 dato
460 2997 582 3083 [Sinon]
594 3023 707 3067 vocem
718 3000 841 3066 Aeneae
854 3012 885 3068 et
899 3001 1052 3066 Anchisae
1066 3013 1097 3065 et
1108 3001 1251 3064 Anteno-

136 3108 181 3172 ris
197 3101 372 3186 audiendo,
402 3107 603 3170 confirmatus
616 3105 842 3187 Agamemnoni
858 3107 1024 3170 renuntiat.
1074 3101 1160 3168 'l'unc
1174 3105 1249 3192 pla-

137 3211 234 3274 citum
246 3221 295 3274 est
309 3207 471 3288 omnibus,
494 3221 530 3272 ut
541 3207 622 3273 fides
644 3205 767 3272 daretur
789 3222 821 3274 et
832 3207 1031 3288 iureiurando
1046 3207 1249 3274 confirmare·

136 3325 202 3394 tur,
237 3313 403 3391 Antenori,
436 3313 577 3394 Aeneae,
617 3312 804 3396 Ucalegoni,
841 3309 1079 3398 Polydamanti,
1117 3311 1243 3390 Doloni,
1348 3362 1349 3376 ,

136 3419 264 3505 suisque
283 3417 481 3506 perentibus,
514 3416 621 3480 liberis
645 3411 903 3503 coniugibusque,
936 3429 969 3481 et
997 3415 1242 3504 consenquineis,
1348 3431 1349 3504 j

136 3523 319 3610 propinquis
343 3532 375 3584 et
397 3520 523 3598 amicis,
557 3513 611 3606 qui
632 3541 695 3583 una
718 3521 948 3602 coniurassent,
983 3521 1130 3585 ommhus
1151 3517 1244 3581 fidem
1348 3505 1349 3514 ¹

134 3627 305 3714 praestari,
331 3645 449 3712 suaque
461 3623 568 3688 omnia
588 3643 673 3687 sacra
691 3636 723 3688 et
736 3625 817 3691 bona
833 3625 1001 3690 incolumia
1014 3625 1133 3688 habere
1146 3623 1246 3687 liceat.

134 3727 309 3819 Harpasto
324 3730 506 3792 confirmato
527 3739 558 3792 et
574 3723 773 3792 iureiurando
796 3725 958 3810 adstricto,
981 3724 1093 3793 suadet
1108 3723 1247 3812 Polyda·

133 3852 219 3912 mas,
246 3843 338 3897 noctu
352 3833 525 3896 exercitum
536 3827 579 3895 ad
588 3844 714 3920 portam
728 3831 861 3898 Scaeam
878 3844 913 3896 ut
927 3829 1099 3914 adducent,
1121 3833 1178 3896 uhi
1190 3853 1247 3895 ex-

132 3935 284 4002 trinsecus
297 3949 388 4024 caput
403 3936 475 4022 equi
486 3937 605 4024 pictum
619 3948 681 4000 est:
705 3937 750 4000 ibi
770 3929 929 4024 praesidia
943 3937 1060 4002 habere
1072 3947 1169 4000 noctu
1184 3933 1247 3998 An-

132 4049 275 4108 tenorem
296 4061 369 4103 cum
390 4039 539 4120 Anchise,
557 4039 776 4126 exercituique
800 4052 894 4105 noctu
907 4051 1031 4129 portam
1043 4049 1247 4117 reseraturus,

133 4141 243 4226 eisque
253 4144 359 4206 lamen
370 4142 556 4233 prolaturos.
606 4141 645 4208 ld
658 4145 783 4226 signans
795 4145 978 4236 irruption‘n
991 4147 1079 4226 tore,
1099 4140 1187 4232 qmd
1200 4141 1245 4206 ibi

133 4255 259 4331 praesto
272 4248 390 4332 forent,
416 4247 471 4337 qui
485 4245 527 4312 ad
538 4247 657 4332 regiam
673 4241 870 4316 aes-tusani.
