2698 4688
263 337 337 386 XXX
685 331 929 384 mmonuctto.

265 532 370 599 unte,
399 519 521 584 Cremna
541 517 689 605 proiectus
708 521 767 600 sit,
798 521 859 604 nisi,
879 521 987 584 veen
1007 518 1131 603 hospitii
1152 517 1263 584 idomet

266 635 347 694 inter
367 641 398 694 et
416 629 590 694 Menelaum
610 630 762 692 mentione
782 629 873 696 Hom.
892 627 929 693 ll.
942 629 999 690 lll.
1016 629 1086 690 232.
1105 629 1181 712 quid
1202 639 1263 712 tant

264 736 413 820 silentque
434 757 501 798 eam
526 734 572 797 illi
594 736 662 818 ipsi,
681 734 792 819 quibus
813 747 860 798 sat
879 737 1044 798 occasionis
1063 735 1144 798 illius
1164 757 1263 800 comm

264 844 380 907 randae
406 842 511 905 datum
534 854 617 906 erat:
646 845 726 906 inter
748 841 823 904 alios
844 843 991 920 Ovidius,
1013 841 1066 927 gui
1085 853 1132 904 ter
1151 845 1185 905 in
1206 845 1263 926 Epi

266 954 401 1017 Helenae
428 963 459 1014 et
486 952 606 1014 Paridis
633 953 683 1029 (ci.
713 954 830 1014 Meurs.
851 953 932 1018 Cret.
952 951 973 1012 l.
996 949 1029 1030 l.)
1059 960 1186 1034 tangens
1219 955 1263 1014 Me

263 1061 464 1144 iter,'ipsam
485 1083 605 1123 caumm
625 1081 775 1145 nusquam
795 1060 917 1141 adiicit,
948 1059 1018 1121 licet
1049 1059 1126 1122 Her.
1152 1057 1263 1120 XVII.

263 1180 373 1242 canat,
398 1189 537 1252 magnam
550 1169 639 1231 finisse
657 1172 827 1251 iustamque
847 1168 964 1230 subitae
983 1169 1050 1228 viae
1069 1187 1204 1228 causam.
1247 1167 1263 1230 S

264 1275 573 1359 miulephemeridis
600 1275 687 1336 initio
707 1273 831 1353 retulit,
860 1273 972 1335 Minois
1001 1281 1182 1354 pronepotes
1208 1273 1248 1335 ad

264 1383 378 1446 dandas
403 1384 489 1446 Atrei
515 1385 616 1466 (wem
642 1379 694 1444 alii
720 1380 861 1442 Catreum
888 1390 919 1443 et
938 1378 1079 1440 Creteum
1098 1399 1156 1461 pro
1176 1382 1262 1442 varia

264 1489 346 1554 lectu
365 1491 485 1576 vocant)
514 1509 585 1574 opes
605 1489 728 1550 Cretam
746 1487 945 1567 convenisse3
976 1489 1009 1548 in
1032 1484 1144 1568 quibm
1161 1487 1263 1550 Menel

265 1597 362 1661 Addit
390 1598 495 1660 rhetor
519 1596 712 1677 Alcidamas,
741 1596 966 1678 antiquissimus
993 1595 1086 1656 huius
1110 1595 1155 1656 rei
1175 1599 1260 1658 testis

264 1705 353 1767 Orat.
376 1703 476 1766 Ulixis
494 1716 600 1766 contra
623 1700 838 1781 Palamedem,
859 1703 945 1762 cuius
964 1701 1057 1764 verba
1069 1701 1263 1788 descripsitll

264 1813 326 1873 sius
346 1812 426 1874 Cret
449 1811 506 1874 tv.
531 1813 562 1890 4.
583 1833 613 1895 p.
634 1811 724 1892 adu,
744 1811 824 1872 inter
842 1809 968 1872 heredes
991 1831 1061 1872 cum
1080 1811 1117 1874 lis
1136 1825 1263 1876 morta«

262 1919 339 1982 Moli
362 1919 439 1982 lilios
459 1917 598 2001 Spartam
619 1917 791 1995 aceemisse,
825 1928 965 2001 rogantes
988 1919 1179 1996 Menelaum,
1210 1933 1246 1984 ut

263 2024 437 2086 conciliaret
465 2021 722 2106 hereditatemque
753 2022 955 2089 distribueret.
1006 2024 1089 2089 Haec
1119 2031 1191 2090 satis
1220 2041 1263 2091 ant

262 2134 367 2217 opinio
391 2151 456 2194 non
477 2129 623 2215 placuisse
650 2129 868 2213 posterioribus
896 2131 1037 2213 videtur,
1062 2146 1167 2220 utpote
1186 2157 1205 2199 a
1224 2157 1263 2222 cp

261 2235 382 2314 aliena,
412 2259 549 2322 quaeque
569 2237 713 2301 historico
734 2236 850 2316 alicui,
879 2241 931 2321 qui
956 2237 1102 2322 Komenoi
1128 2245 1263 2327 scripsit,

260 2345 319 2427 ipsi
337 2341 542 2421 Alcidamanti
561 2345 689 2426 rhetori,
710 2344 851 2406 debuerit
870 2347 1029 2428 originem.
1071 2349 1256 2434 spreverunt

261 2451 353 2510 etiam
373 2451 492 2534 Dictyis
504 2451 676 2525 sectatores,
699 2452 725 2513 si
742 2453 890 2536 Septimio
905 2454 978 2517 fides
994 2465 1050 2518 est.
1090 2455 1210 2520 Scilicet
1225 2481 1263 2522 sut

261 2557 408 2640 religione
426 2557 583 2642 Europam
603 2561 636 2620 in
660 2559 750 2622 Creta
771 2560 868 2623 insula
888 2559 1000 2622 cultam
1021 2561 1135 2645 fuisse,
1162 2576 1192 2626 et
1210 2587 1263 2649 qus

261 2666 310 2726 nis
331 2686 416 2728 more
442 2667 540 2748 patric
570 2687 656 2729 sacra
682 2667 856 2752 Gortynae,
882 2668 960 2730 urbe
977 2671 1111 2754 principe
1137 2673 1263 2736 Cretaei

260 2775 414 2856 quissima,
434 2777 466 2836 in
489 2775 636 2838 bonorem
657 2778 737 2838 loris
761 2787 791 2838 et
811 2777 952 2860 Europae
973 2777 1050 2838 iacta
1070 2801 1151 2855 esse,
1171 2783 1263 2862 posti

261 2877 288 2947 l.
310 2901 352 2957 a.,
376 2903 439 2963 quo
459 2884 613 2964 antiquior
632 2894 664 2944 et
683 2885 860 2967 locupletior
877 2888 960 2948 testis
981 2885 1054 2946 mihi
1073 2885 1263 2966 desideratur,

261 2986 363 3046 serunt
384 2986 574 3050 Ptolemaeus
595 2988 650 3050 lib.
671 2992 714 3069 V,
738 2990 863 3053 Malelas
886 3013 917 3074 p.
945 3012 1018 3075 ιη,
1045 2993 1198 3056 Cedrenus
1218 3017 1249 3077 p.

263 3093 387 3156 Taetzes
414 3093 575 3158 Antehom.
607 3117 671 3162 roo.
698 3119 762 3181 ¹⁰7·
805 3083 900 3160 iidem
929 3122 992 3163 uno
1025 3121 1078 3162 ore
1103 3113 1263 3180 suuntur,

261 3201 328 3282 ipso
349 3209 503 3280 tempore,
523 3221 585 3282 quo
606 3201 692 3263 Paris
711 3203 851 3285 Spartam
868 3219 1014 3288 venerat,
1037 3210 1226 3291 Menelaum,
1246 3233 1263 3272 u

262 3307 362 3368 lorum
390 3329 460 3390 pars
486 3307 570 3368 fieret
600 3327 772 3385 sacrorum,
809 3311 930 3375 Cretam
962 3337 994 3378 se
1027 3316 1195 3386 contulisse.
1223 3319 1263 3380 1C

261 3416 403 3500 vulgatae
421 3417 543 3480 fabulae
556 3421 580 3479 si
595 3418 703 3502 Dictys
717 3440 778 3480 non
793 3432 839 3483 est
852 3434 969 3504 auctor,
984 3426 1083 3486 nescio
1094 3423 1198 3487 alium.
1238 3427 1263 3486 S«

261 3527 359 3586 mium
389 3527 470 3588 enim
500 3527 619 3589 duobus
648 3531 753 3612 primis
781 3531 929 3615 capitibus
959 3543 1072 3594 rectam
1096 3534 1202 3595 Graeci
1220 3535 1263 3594 Di

261 3651 365 3694 rernm
376 3633 484 3694 seriem
504 3653 667 3716 veramque
684 3636 888 3698 narrationem
902 3636 992 3698 nobis
1009 3637 1181 3721 reddidisse,
1199 3653 1263 3723 estc

260 3738 391 3802 dubites.
431 3739 485 3800 Ait
503 3761 569 3823 cap.
592 3761 628 3802 a:
651 3763 685 3802 re
705 3746 822 3826 cognita
844 3745 1000 3828 cofinum.
1044 3749 1114 3826 Qua
1134 3769 1183 3826 re,
1203 3771 1262 3832 qua

261 3848 395 3909 Graecos
418 3867 503 3928 reges
522 3847 562 3909 ad
582 3847 758 3913 dividendas
781 3852 867 3915 Atrei
892 3875 964 3936 opes
981 3859 1115 3931 venisse,
1145 3879 1251 3942 eosque

260 3954 519 4036 gnificamwitam
544 3977 642 4038 agere.
695 3958 792 4042 igitur
812 3959 869 4021 bac
887 3983 921 4022 re
940 3963 1044 4026 audita
1063 3963 1217 4026 confluunt
1234 3987 1263 4026 or

261 4058 402 4142 Europae
420 4063 544 4144 posteri,
566 4074 656 4147 atque
676 4067 741 4128 mus
761 4065 870 4130 samm
892 4067 1066 4133 celebranti
1093 4070 1171 4136 Mira
1192 4095 1263 4134 namt

260 4165 367 4250 Dictys
385 4169 436 4232 ris
457 4171 614 4254 scripserat
633 4193 667 4234 re
690 4175 836 4255 cognata,
858 4175 910 4238 sed
930 4179 1005 4260 quid
1026 4177 1104 4243 tales
1142 4183 1263 4262 „Quum
