2724 4680
304 311 309 324 '
426 339 659 398 snnsnnrnn
680 341 889 400 rnnrcsnns
1162 337 1206 400 eu

108 517 254 595 scriptores
281 515 444 596 prcers'diuns
471 517 608 594 significet
631 519 815 600 quodcunque
838 515 976 592 auxilinm,
1003 518 1081 598 qnod
1108 515 1205 580 salutis

109 620 191 662 censa
204 601 318 680 petitur,
332 603 456 675 tutelam,
475 601 588 663 Schuts.

192 686 319 768 accurrit)
341 689 391 766 sg.
407 687 520 747 Aeneam
536 691 660 752 incurrit.

192 771 231 830 ad
240 771 359 850 patrem)
380 775 440 834 te.
453 774 540 852 npnd.
564 776 637 854 Cep.
660 773 715 840 16:
736 777 785 854 qus'
799 792 858 834 cusu
877 774 912 834 Δ.
927 773 965 833 ad
980 771 1089 833 Tssicns
1098 772 1204 852 suerat.

110 851 169 918 43:
188 857 225 914 ad
241 859 370 917 tumuisse
385 861 485 937 patris.
539 859 621 920 Caes.
642 860 678 919 B.
697 861 735 918 G.
758 859 779 918 1.
802 863 858 925 Sl:
887 863 934 938 qui
953 865 1016 918 cate
1032 857 1145 937 suerunt
1167 857 1207 918 ad

110 939 259 1003 Caesareus.
301 944 359 1004 Res
380 951 456 1002 note.
476 973 519 990 -
540 943 630 1004 iscen.
649 948 727 1009 8771
755 943 835 1004 Hunc
856 943 1047 1023 (Polyxenam)
1069 943 1206 1016 titalasns's,

109 1024 222 1086 Hecuba
234 1027 363 1103 tredente,
383 1030 503 1106 paternis
518 1027 584 1088 Dur
594 1028 771 1089 Ancdssiades
785 1030 968 1091 decenderat.
1009 1029 1087 1090 Loco
1100 1036 1207 1090 secretu

110 1128 173 1172 earn
185 1113 345 1172 oecultstnnr
360 1133 430 1188 esse,
453 1113 518 1172 dicit
526 1113 636 1176 Henrie.
652 1135 678 1175 c.
687 1118 728 1179 82
741 1115 788 1175 toi.
809 1113 879 1180 144.

193 1197 302 1258 incede
316 1196 362 1260 M.
376 1203 523 1274 retegunt)
541 1200 559 1259 i.
580 1219 606 1264 e.
624 1200 807 1261 abscondunt.
827 1202 885 1261 Cic.
901 1218 953 1280 pro
968 1198 1040 1258 nst.
1056 1197 1134 1258 Post
1151 1197 1206 1264 15:

111 1299 191 1359 quun
204 1286 284 1342 ctiass
292 1282 370 1362 suas
386 1283 507 1342 cernuus
522 1303 550 1344 se
563 1289 665 1362 tegant.
706 1286 759 1364 ὃς.
774 1293 802 1346 et
816 1285 852 1346 C.
868 1287 897 1346 in
910 1284 1000 1346 aeden
1011 1281 1057 1344 M.
1073 1303 1100 1344 se
1117 1282 1206 1343 accul-

111 1372 182 1426 tent.
223 1367 263 1428 M.
278 1377 306 1428 et
318 1367 356 1428 D.
372 1367 540 1429 Concordiae.

197 1449 268 1511 Tota
286 1453 330 1512 die
349 1459 375 1512 ct
396 1459 472 1512 necte
494 1455 563 1532 Arg.
582 1473 635 1514 nnn
656 1473 719 1514 cess.
738 1460 853 1528 vadare,
868 1474 900 1535 p.
919 1452 1032 1533 aspect.)
1058 1454 1111 1531 Sg.
1130 1458 1158 1514 et
1171 1453 1209 1514 0.

115 1533 185 1595 Tuta
204 1543 286 1596 necte.
328 1537 431 1598 Rectec
453 1548 536 1600 nocte
554 1542 627 1610 enim
645 1539 732 1600 Troia
755 1548 853 1620 reptat
882 1539 916 1602 cf.
938 1547 1081 1618 practerea
1101 1558 1126 1597 c.
1150 1535 1209 1600 42:

112 1619 256 1700 Postquain
276 1623 332 1682 diss
352 1623 457 1683 illusit.
499 1625 586 1686 Porro
606 1627 657 1702 Sg.
675 1625 813 1683 devastare
824 1623 992 1703 praedasque
1008 1627 1157 1702 erpcrtnre.
1178 1627 1211 1682 et

111 1708 147 1766 C.
159 1705 298 1768 deuastan
310 1707 487 1787 praedamque
494 1708 596 1788 secere.
636 1710 682 1772 De
696 1711 781 1771 verbo
795 1709 932 1772 devastare
946 1729 973 1770 s.
984 1711 1021 1770 ud
1034 1730 1059 1768 c.
1077 1711 1130 1774 29.
1156 1707 1210 1766 As-

110 1798 218 1870 psstars
231 1802 276 1854 est
286 1812 321 1858 er
336 1793 397 1852 los-n
411 1794 440 1854 in
451 1798 540 1854 locnsn
554 1796 635 1856 elium
650 1797 812 1874 deportsr03
830 1797 895 1872 quin
907 1814 972 1854 sero
987 1793 1071 1868 teau,
1085 1795 1114 1856 in
1127 1811 1211 1870 quent

113 1880 216 1954 prsedn
241 1885 385 1957 asportate
406 1886 462 1952 est,
489 1879 565 1939 hund
587 1881 698 1940 additur
725 1879 882 1958 (Minervae
901 1881 1033 1958 templum
1054 1879 1155 1950 fuisse,
1177 1896 1214 1938 ex

112 1982 175 2041 esp.
197 1983 257 2040 seq.
279 1961 419 2044 apparet),
443 1963 533 2024 Dares
554 1965 650 2026 meiius
667 1965 821 2044 scripsisset
835 1971 1010 2044 ccrnpsrtare:
1032 1963 1106 2039 qunti
1122 1963 1208 2023 verba

114 2055 226 2108 utuntur
238 2051 325 2110 Iscnn.
340 2049 416 2114 856:
434 2049 535 2128 praeda
551 2053 635 2120 smyris
654 2055 684 2112 s'n
701 2070 762 2112 arce
775 2048 917 2110 Mineruae
936 2049 1095 2126 congeritur
1113 2051 1213 2110 mesu·

114 2151 163 2209 que
180 2131 289 2192 tucrum.
332 2133 429 2209 virgil.
450 2133 519 2194 Aen.
542 2135 576 2192 11.
597 2139 676 2198 763:
698 2135 762 2195 Huc
785 2136 828 2206 (in
847 2135 960 2194 lunonis
979 2133 1126 2213 ternplum)
1145 2131 1214 2192 unde

118 2217 200 2278 Traia
213 2221 473 2294 gase-ccngerr'tur.
503 2219 576 2278 Dies.
591 2219 626 2280 V.
643 2224 695 2282 13:
717 2220 755 2280 nd
770 2219 974 2282 coacervandum
983 2221 1143 2278 -suaten'ans
1157 2221 1213 2276 cet.

199 2303 248 2366 Ais
269 2302 311 2361 ds'e
330 2303 415 2362 Stndt
433 2307 544 2362 serstiirt
561 2323 629 2378 uer,
649 2305 718 2362 ttici
742 2308 780 2364 ss'e
797 2307 895 2374 sciister
915 2302 972 2361 und
990 2323 1048 2360 was
1066 2301 1143 2362 nisit
1163 2319 1215 2364 vnn

56 2419 59 2426 ·
115 2387 165 2446 den
179 2387 306 2451 Grr'ectcn
319 2389 470 2457 antrannte
490 2387 579 2467 serfiet
591 2407 639 2447 nan
658 2389 737 2448 settst
754 2388 907 2464 altmdtts'g,
930 2388 994 2447 dass
1013 2405 1065 2443 nur
1087 2384 1214 2446 Unlsraut

116 2473 154 2532 du
168 2475 215 2543 c'st,
235 2471 313 2530 wilde
331 2471 434 2545 Tum,
451 2471 570 2538 Weisnscr
582 2473 638 2532 und
652 2474 815 2550 Stilonem.
858 2469 1213 2542 Henrir.c.92tel‚178.

116 2555 163 2626 Gi.
176 2557 325 2622 niceten
339 2559 377 2622 ed
390 2559 489 2624 Horat
502 2559 558 2620 oa
573 2559 624 2621 ΙΙΙ.
640 2563 672 2636 8,
687 2559 729 2624 40
745 2577 808 2638 sqq.

557 2697 633 2766 Cre.
658 2697 762 2766 XLII.

199 2829 257 2870 earn
271 2832 297 2874 re
313 2843 348 2855 -
360 2813 538 2893 partiturum)
561 2813 612 2891 Sg.
628 2817 670 2876 uit
686 2833 713 2872 se
727 2815 832 2896 pariter
851 2831 909 2872 curn
930 2805 980 2870 arn.
988 2813 1157 2892 partiturum
1169 2827 1215 2869 rav

116 2897 363 2982 capessiturum.

199 2986 308 3056 cessari,
325 2979 407 3064 pund)
431 2980 482 3062 Sg.
502 2987 532 3042 et
548 2981 582 3041 C.
597 2983 683 3062 fidem
705 2985 821 3056 seruari,
839 2981 919 3060 quod.
941 2979 978 3044 D.
997 2997 1093 3059 pass,
1114 2977 1217 3038 omissa

110 3065 203 3145 fidem.
245 3065 312 3128 Non
332 3085 402 3144 opus
422 3085 483 3125 esse
503 3067 613 3127 videtur
632 3066 764 3131 vocabulo
778 3067 872 3146 fidens.
913 3067 1029 3142 langas:
1051 3083 1086 3124 nn
1100 3063 1218 3143 placent,

116 3152 252 3212 Antenori
265 3153 419 3228 ceterisque
439 3153 540 3211 servari
556 3153 596 3228 id,
609 3153 686 3232 qnod
699 3153 937 3230 confirmaverant,
959 3151 978 3210 i.
992 3171 1018 3222 e,
1033 3151 1134 3212 serrari
1149 3167 1218 3210 coa-

122 3237 259 3298 firmatam
271 3244 354 3298 entes
366 3235 458 3296 fidem.

201 3319 259 3384 Es.
273 3325 345 3386 tatur
360 3320 520 3397 conclamat)
542 3317 611 3383 Aiax
624 3319 741 3382 interfici
758 3340 806 3382 eos
826 3321 927 3397 soluit,
949 3321 1061 3382 Henric
1074 3339 1098 3381 c.
1114 3321 1156 3384 82
1170 3316 1218 3376 fol·

121 3399 191 3468 145.
204 3405 307 3482 scribit,
329 3406 390 3465 licet
406 3408 483 3484 apud
499 3425 561 3466 enm
578 3405 646 3464 Aiax
661 3407 704 3465 bis
727 3409 782 3470 ient
800 3408 905 3466 accisus
923 3407 1011 3466 tuerit.
1032 3423 1058 3462 v.
1074 3403 1111 3462 ed
1127 3423 1151 3464 c.
1166 3401 1219 3471 85.

119 3487 231 3548 Scilicet
249 3491 386 3548 variorum
405 3492 577 3552 narrationes
599 3492 755 3564 contundit.
805 3489 888 3578 Apud
909 3490 985 3558 nice.
1005 3488 1041 3551 V.
1065 3485 1114 3552 14.
1150 3483 1220 3545 Ait!

120 3573 256 3642 Helenam
271 3573 388 3642 interfici
400 3577 485 3636 iubet.

203 3658 238 3719 A.
253 3657 400 3736 sepulcrum
416 3693 459 3704 -
472 3661 582 3735 duan)
602 3659 796 3738 Sg.dcisi11esn
814 3659 964 3738 sepulturas
985 3653 1071 3728 reddi,
1092 3653 1221 3718 Helm

120 3743 245 3820 effecisse.
267 3745 303 3803 C.
320 3743 498 3824 Achillerspue
514 3765 597 3804 suasu
610 3745 707 3805 Heleni
718 3745 870 3825 sepulturae
882 3743 1017 3801 condituris
1034 3759 1097 3800 esse.
1119 3739 1221 3799 Fuitne

121 3829 248 3888 Achillan
261 3829 380 3908 sepulcra
394 3861 438 3880 η-
451 3829 547 3892 conns
568 3838 599 3890 nt
619 3830 742 3909 toquitnr
764 3830 846 3888 Osid.
868 3829 936 3888 nee
955 3825 1028 3886 Vlil.
1052 3822 1125 3890 284.
1146 3821 1221 3882 Dict.

120 3911 233 3990 Proing.
254 3915 300 3974 cf.
319 3918 357 3976 ed
379 3915 451 3976 Dict.
465 3915 512 3976 lV.
532 3921 562 3981 8.
577 3935 605 3974 n.
626 3936 664 3976 cs.
706 3915 766 3975 Sed
779 3915 1018 3992 interpretationes
1036 3909 1089 3968 hee
1102 3927 1164 3968 esse
1177 3907 1222 3964 si-

121 3999 229 4058 dentur.
273 3999 431 4078 sepum
449 4001 562 4080 ponitur
581 4021 635 4079 pra
655 4001 757 4074 busto,
778 3998 897 4070 tumnl03
917 4003 1004 4076 etque
1022 3994 1119 4054 datare
1138 3992 1224 4052 cunci

121 4082 269 4162 spelm
289 4084 390 4145 dicitnr
405 4091 437 4144 nt
454 4085 523 4146 lust
539 4085 588 4145 Xl.
606 4089 641 4150 6:
662 4083 731 4160 Eas,
747 4087 796 4162 pn·
806 4083 930 4159 cecidere,
948 4083 1048 4142 stctus's
1061 4078 1222 4158 epuntrrtus

123 4169 241 4228 domuit.
285 4169 345 4230 Cic.
364 4171 394 4230 in
414 4171 508 4244 Pisnn.
526 4175 581 4234 11:
602 4169 826 4250 dassareaiipuesn
840 4175 943 4229 statua
985 4167 1061 4226 Usus
1074 4170 1165 4225 entem
1178 4163 1222 4222 in·

121 4253 218 4324 finitivi
233 4253 330 4317 denari
343 4275 406 4342 pre,
419 4256 580 4320 donandum
593 4275 665 4336 esse,
684 4255 845 4320 imotenns
856 4261 910 4318 est.
923 4287 965 4302 -
985 4249 1031 4315 De
1043 4267 1076 4313 re
1088 4249 1124 4311 ct.
1135 4268 1160 4310 s.
1172 4245 1223 4314 84.
