2762 4684
155 253 179 316 8
538 253 701 316 aarum
717 253 875 316 PHRYGH

157 437 316 526 Europam
326 433 493 506 bellicosos
506 437 652 506 homines
666 439 801 522 habam
819 438 927 524 esiam
946 457 1072 531 semper
1092 438 1127 506 iu
1139 437 1261 510 desidia

157 541 259 612 vitam
273 544 467 627 exercuisse,
489 555 523 610 et
538 545 579 612 ob
596 541 630 609 id
644 545 777 610 classem
788 563 854 610 non
866 543 992 608 habere.

620 713 711 784 Gar.
734 713 811 782 Vll.

262 851 438 919 Alexander
456 851 613 919 cohortari
634 854 753 943 coepit,
779 864 814 917 ut
834 850 941 918 classis
959 863 1162 941 praeparetur
1178 865 1211 918 et
1230 851 1262 919 i„
1355 869 1356 878 ἢ

157 955 327 1025 Graeciam
341 957 498 1022 mittatur:
520 979 554 1022 se
575 957 623 1022 rei
642 958 815 1045 principem
830 960 982 1036 faturum,
1008 959 1141 1045 sipater
1157 961 1263 1024 vellet:

158 1063 196 1128 in
208 1060 341 1126 deorum
354 1052 542 1143 benignitate
554 1082 590 1126 se
601 1059 766 1142 confidere,
777 1059 870 1128 victis
884 1060 1027 1124 hostibus
1038 1059 1132 1124 laude
1145 1060 1263 1150 adepta,

161 1163 203 1230 de
224 1163 355 1230 Graecia
378 1161 508 1231 domum
531 1163 702 1230 rediunum
725 1185 806 1230 esse.
824 1147 845 1252 Ι
856 1161 939 1228 Nam
956 1165 1018 1228 sibi
1036 1165 1072 1226 in
1090 1163 1152 1229 lde
1178 1167 1264 1244 sssra,

161 1289 259 1356 quum
276 1281 425 1333 renatum
439 1269 573 1350 abisset,
598 1270 634 1334 in
649 1271 769 1334 somnis
784 1267 971 1332 Mercurium
987 1264 1161 1332 adduxisse
1171 1267 1265 1332 Iuno-
1355 1267 1356 1286 ¹

161 1393 253 1453 nem,
278 1371 436 1437 Venerem
452 1383 484 1438 et
497 1371 690 1453 Minervam,
715 1383 751 1436 ut
762 1373 842 1437 inter
860 1391 914 1437 eas
927 1369 967 1434 de
983 1371 1087 1460 specie
1099 1369 1266 1436 iudicaret:
1355 1399 1356 1432 a

163 1487 197 1540 et
217 1485 290 1540 tunc
314 1475 376 1540 sibi
395 1475 555 1542 Venerem
577 1477 747 1564 pollicitam
769 1497 857 1556 esee,
884 1475 1022 1542 usuam
1044 1477 1267 1562 speciosiorem

161 1580 277 1643 faciem
294 1577 461 1660 iudicaret,
482 1577 626 1644 (latinam
641 1601 677 1644 se
691 1581 722 1643 ei
736 1599 807 1643 eam
821 1599 968 1658 uxorem,
995 1599 1074 1665 quae
1089 1579 1125 1642 in
1138 1577 1266 1644 Graecia
1355 1563 1356 1626 Ῐ

163 1683 335 1769 speciosior
350 1673 596 1782 ridereturrfubi
615 1683 661 1747 ita
676 1681 831 1762 audisset,
853 1683 1004 1771 optimam
1015 1682 1096 1746 facie
1110 1683 1268 1746 Venerem
1355 1707 1356 1710 ¹

162 1783 443 1873 iudicasseasunde
461 1807 585 1874 sperare
599 1784 712 1850 debere
722 1786 891 1866 Priamum,
915 1784 1075 1850 Venerem
1087 1783 1268 1849 adiutricem
1355 1799 1356 1872 1

163 1885 340 1952 Alexandro
362 1891 511 1954 futuram.
565 1889 750 1978 Deiphobus
775 1891 896 1977 placere
919 1889 981 1952 sibi
1007 1887 1088 1952 dixit
1101 1887 1267 1952 Aluandri

165 1992 347 2071 consilium,
374 2003 406 2056 et
421 2013 562 2081 sperare,
588 1991 725 2058 Graecos
741 1994 916 2058 Hesionam
931 1989 1107 2056 reddimros
1122 2004 1155 2058 et
1177 1993 1268 2057 satis-

163 2097 315 2174 facturos,
342 2095 386 2175 si,
411 2109 446 2160 ut
460 2095 646 2185 dispositum
660 2109 760 2176 esset,
782 2097 890 2162 classis
903 2097 937 2158 in
953 2093 1115 2160 Graeciam
1127 2096 1271 2160 mittere-
1355 2155 1356 2164 ,

164 2208 224 2266 tau.
275 2199 415 2264 Helenus
436 2201 599 2266 vaticinari
615 2199 735 2287 coepit,
762 2197 876 2265 Graios
888 2210 1045 2278 venturos,
1070 2197 1162 2264 Ilium
1178 2219 1271 2262 ever·
1355 2189 1356 2244 ἓ

164 2321 266 2383 suros,
286 2313 432 2391 parentes
445 2315 477 2366 et
489 2306 598 2367 iratres
613 2303 722 2368 hostili
734 2323 828 2367 manu
841 2303 1034 2400 interituros,
1053 2302 1082 2376 si
1098 2300 1269 2366 Alexander

164 2406 381 2490 sibiuxorem
401 2402 442 2468 de
465 2405 595 2472 Graecia
623 2403 816 2470 adduxisset.
865 2405 990 2471 Troilus
1015 2405 1167 2469 minimus
1188 2416 1266 2481 natu,

160 2530 231 2585 uon
250 2510 355 2573 minus
375 2509 465 2574 fortis
481 2531 575 2596 quam
591 2509 724 2588 Hector,
746 2510 860 2573 bellum
878 2509 944 2590 geri
965 2506 1134 2589 suadebat,
1162 2521 1194 2572 et
1208 2529 1269 2571 non
1355 2509 1356 2520 ¹

165 2607 281 2676 debera
299 2612 408 2676 terreri
426 2625 512 2678 metu
533 2614 701 2679 verborum
713 2607 837 2676 Heleni
885 2609 970 2698 quod
986 2612 1133 2679 omnibus
1149 2609 1269 2700 placuit,

166 2715 301 2782 classem
318 2717 492 2806 comparari
506 2728 539 2780 et
552 2717 587 2780 in
601 2715 767 2784 Graeciam
779 2714 944 2805 proficisci.

616 2887 710 2954 Gar.
737 2885 828 2954 Vffl.

272 3021 415 3090 Priamus
425 3023 635 3092 dlexmdrum
656 3037 689 3092 et
708 3024 910 3113 Deiphobum
929 3023 963 3088 in
976 3021 1148 3088 Paeoniam
1167 3020 1272 3094 mittit.
1355 3045 1356 3112 }

170 3137 207 3188 ut
218 3126 334 3191 milites
347 3130 494 3209 legerent.
525 3129 575 3196 sd
588 3131 769 3194 concionem
780 3131 931 3218 populum
944 3129 1051 3192 venire
1063 3128 1166 3191 iubet:
1185 3147 1275 3190 corn·
1355 3115 1356 3188 J

138 3309 140 3316 y
169 3230 340 3292 monefacit
351 3231 451 3312 lilios,
477 3245 512 3296 ut
525 3235 661 3298 maiores
676 3244 751 3296 natu
765 3233 937 3298 minoribus
951 3233 1157 3320 imperarent:
1183 3251 1274 3292 mon-
1355 3267 1356 3322 ,

168 3322 296 3413 errarit,
322 3353 399 3419 quas
417 3335 547 3399 iniurias
565 3333 677 3400 Graeci
689 3335 835 3400 Tmienis
854 3337 1017 3400 fecissent:
1041 3335 1083 3399 ob
1103 3333 1273 3398 hocine-
1355 3327 1356 3362 l

168 3455 280 3501 norem
295 3437 655 3518 legetuminGraeciam
666 3439 802 3520 misisse,
823 3451 858 3502 ut
870 3439 932 3504 sibi
947 3439 1123 3502 Hesionam
1135 3454 1275 3500 sororem
1355 3511 1356 3520 ἵ

169 3537 337 3604 redderent
353 3552 385 3605 et
405 3544 481 3607 satis
499 3541 646 3610 Troianis
667 3546 818 3608 lacerentt
842 3541 1030 3606 Antenorem
1054 3539 1276 3604 contumeliose
1355 3551 1356 3554 ’

169 3642 212 3705 ab
226 3643 273 3708 eis
286 3654 467 3726 itomanam,
488 3645 731 3733 necquidquam
748 3647 787 3709 ab
804 3645 856 3708 his
869 3646 1035 3732 impetrare
1052 3645 1210 3732 potuisse:
1235 3641 1278 3705 ob

168 3743 232 3810 lroc
252 3748 374 3834 placere
396 3749 474 3830 sibi,
499 3747 710 3815 Alexandrum
728 3749 812 3812 mitti
833 3769 904 3812 cum
926 3748 1079 3813 dessein
1103 3745 1277 3824 Graeciam,

171 3848 227 3934 qui
248 3851 302 3914 avi
315 3852 365 3915 sui
381 3865 517 3918 mortem
536 3865 568 3918 et
581 3853 790 3919 Troianorum
806 3852 937 3916 iniurias
957 3853 1131 3916 ulciscatur.
1181 3851 1278 3912 Ante·

171 3971 282 4015 norem
297 3951 399 4018 dicere
415 3955 518 4036 iussit,
543 3955 702 4043 quomodo
718 3956 750 4020 io
766 3953 896 4020 Graecia
909 3965 1054 4018 tractatus
1069 3963 1164 4018 esset.
1214 3951 1278 4014 An-

171 4053 412 4122 tenorhortatus
427 4070 476 4123 est
490 4058 661 4138 Troianos,
686 4079 728 4124 ne
746 4058 978 4137 horrescerent3
1003 4055 1043 4120 ad
1062 4051 1277 4120 debellandam

172 4153 337 4224 Graeciam
356 4180 433 4226 suos
451 4141 616 4230 alacriores
638 4164 731 4228 lacit:
754 4163 863 4252 paucis
883 4159 1125 4240 demonstrarit,
1148 4159 1278 4245 quaein

603 4263 617 4297 b
