2762 4684
230 325 304 408 tat
437 349 442 358 ’
517 351 789 406 ossmrsrroum
811 349 849 406 u<
875 351 940 404 sss.
964 346 1014 404 rr.

228 537 337 624 procul
357 537 469 604 Phthia
489 541 522 604 in
542 539 709 604 Thessalia.
751 541 914 604 Praeterea
939 539 974 602 in
993 536 1115 622 Dictyis
1130 537 1310 600 mimum

229 636 394 720 Euripides
418 637 523 722 (quem
542 642 632 702 mam
654 639 685 700 in
703 660 787 722 seqq.
808 649 947 702 nostrum
967 649 1038 700 ante
1058 635 1166 698 oeulos
1188 637 1311 698 habuis·

231 759 265 800 se
288 737 472 820 videbimus)
500 737 613 800 Troad.
647 737 736 802 1125.
770 739 813 800 ita
842 741 947 800 canit:
979 739 1087 818 μέλλει
1114 730 1198 816 πρὸς
1218 725 1313 808 darie

230 840 411 900 ναυστολεῖν
423 834 615 910 Φθιώτιδας·
638 835 737 910 odric
757 836 785 899 δ’
806 834 939 918 ἀνῆκται
957 833 1181 912 Νεοπτόλεμος
1199 857 1232 896 κ.
1243 858 1273 902 τ.
1285 839 1312 894 l.

231 937 314 998 Haec
335 937 486 1019 disputavi
507 949 613 998 contra
635 935 837 1016 Obrechtum,
859 939 913 1018 qui
931 937 1074 998 Molossos
1095 935 1194 1019 Epiri
1211 947 1312 996 nostro

115 1083 117 1092 .
228 1035 296 1099 loeo
317 1037 444 1120 intelligi
466 1038 569 1100 multis
590 1039 764 1115 contendit,
779 1059 947 1120 provocans
967 1038 1176 1098 testimonium
1199 1038 1310 1098 Pansa-

227 1142 319 1220 niae,
341 1142 393 1224 qui
421 1140 475 1207 lib.
498 1141 521 1206 l.
549 1163 580 1202 tt
606 1143 674 1203 init.
703 1135 826 1202 scribit:
857 1139 979 1222 πρῶτος
1008 1133 1070 1218 γὰρ
1102 1127 1198 1212 οὗτος
1221 1139 1308 1216 (Nen-

227 1239 388 1323 ptolemus)
419 1235 556 1322 ἁλούσης
581 1237 675 1304 Ἰλίου
710 1235 769 1320 τὴν
795 1237 854 1318 μὲν
888 1237 921 1312 ἐς
943 1229 1122 1301 Θεσσαλίαν
1142 1231 1307 1319 ὑπερεῖδεν

229 1335 456 1423 ἀναχώρησιν,
480 1341 525 1413 εἰς
547 1339 584 1402 δὲ
603 1329 831 1421 τὴνἬπιιραν
851 1333 1006 1420 κατάρας,
1028 1331 1171 1402 ἐνταῦθα
1192 1339 1229 1402 ἐι
1248 1337 1307 1400 sais

229 1435 354 1502 Ἑλέναν
380 1438 533 1522 χρησμῶν
561 1429 689 1524 ᾤκησεν.
742 1439 800 1501 Coi
821 1437 934 1502 addere
953 1439 1052 1520 potuit
1070 1437 1200 1502 Pindar.
1223 1438 1305 1500 Nem.

228 1538 300 1603 vu.
321 1539 382 1619 55;
402 1541 508 1606 ruso..
523 1541 627 1602 xvu.w
644 1541 676 1606 s.
1366 1515 1367 1538 ¹

310 1639 352 1701 ab
367 1639 479 1702 Acasto
496 1639 652 1723 expulsum
669 1659 761 1718 regno
780 1637 887 1722 Peleo)
909 1635 1014 1712 Pelei,
1035 1632 1230 1717 Neoptolemi
1250 1639 1305 1710 ari,

228 1757 298 1800 cum
319 1739 453 1816 Acasto,
490 1736 592 1800 Peliae
612 1737 686 1799 lolci
708 1737 787 1815 regis
807 1733 889 1810 filio,
913 1745 987 1798 ante
1004 1733 1120 1806 bellum
1136 1735 1306 1796 Troianam
1366 1727 1367 1732 ¹

230 1838 406 1902 inimicitiae
426 1849 516 1899 uotae
535 1849 606 1900 sunt
629 1859 664 1899 ex
686 1835 826 1920 Apollod.
843 1839 896 1900 111.
925 1837 984 1917 ¹33
1004 1837 1130 1900 Pindar.
1151 1837 1243 1898 Nem
1256 1837 1305 1899 tv.

227 1935 291 2016 883
313 1934 390 1998 aliis.
418 1957 450 2000 v.
470 1939 562 1998 Stura
581 1937 622 1999 ad
651 1935 824 2020 Pherecyd.
845 1937 958 2019 fragm.
981 1957 1011 2019 p.
1031 1936 1083 1998 8ο.
1126 1936 1252 1998 Achille
1270 1935 1304 1996 sd

227 2037 354 2099 Troiam
367 2044 501 2097 mortuo
521 2035 754 2118 Neoptolemus,
785 2036 860 2097 aviti
879 2038 964 2119 regni
987 2036 1106 2113 haeres,
1129 2036 1173 2098 ad
1194 2037 1304 2098 belluas

226 2138 395 2223 profectus,
427 2135 553 2198 Peleum
584 2140 646 2198 iam
685 2157 787 2200 senem
808 2135 891 2198 domi
921 2136 970 2220 (ia
991 2136 1121 2218 Phthia)
1144 2137 1304 2222 reliquerat

228 2240 347 2322 (Eurip.
366 2237 520 2300 Androm.
548 2237 625 2316 18.)=
648 2259 740 2323 mem
760 2258 814 2320 per
832 2237 999 2299 absentiam
1018 2237 1212 2320 Neoptolemi
1232 2242 1304 2301 nes-

226 2349 290 2402 stus
308 2360 404 2423 regno
432 2339 535 2414 exuit,
567 2338 654 2400 cuius
686 2339 730 2399 rei
762 2341 904 2398 nuntium
933 2339 1050 2420 aceepit
1069 2336 1302 2420 Neoptolemu,

227 2461 298 2502 cum
323 2438 416 2501 redux
436 2460 453 2500 e
471 2437 551 2501 hello
575 2440 712 2500 Troiano
734 2437 833 2499 lactus
852 2437 893 2497 ad
911 2436 1054 2500 Phthiam
1076 2438 1255 2521 appulisset,
1273 2449 1303 2500 ut
1366 2491 1367 2522 η

228 2517 264 2603 ex
293 2541 403 2624 Eurip.
430 2539 545 2608 Troad.
573 2539 662 2602 1126.
697 2537 807 2600 scribit
838 2539 958 2623 Dictys.
1011 2539 1082 2600 Huc
1114 2539 1303 2601 referundum

45 2624 57 2654 ⁸
102 2649 107 2660 “
228 2644 319 2706 etiam
341 2642 423 2725 quod
452 2645 584 2704 lustinus
620 2640 741 2722 (XVII.
764 2641 810 2714 ὅ.)
845 2646 972 2718 narrat,
1002 2639 1234 2722 Neoptolemum
1255 2661 1302 2724 per

226 2742 390 2804 absentiam
411 2752 568 2824 paternum
584 2759 711 2824 regnum
724 2741 864 2802 amisisse.
884 2737 1014 2800 Fundus
1034 2739 1080 2800 rei
1103 2747 1149 2800 est
1170 2743 1202 2801 in
1214 2739 1301 2802 Hom.

228 2841 267 2904 il.
289 2843 404 2926 XXIV,
436 2840 505 2922 488.
539 2841 594 2902 uhi
614 2845 647 2902 in
667 2839 855 2902 redemtione
877 2839 1018 2901 Hectoris
1041 2839 1199 2904 cadaveris
1218 2843 1303 2904 Pria·
1366 2849 1367 2880 ³

229 2963 318 3022 mus,
339 2941 455 3004 Achilli
476 2939 611 3004 excitans
642 2939 818 3002 memoriam
850 2943 963 3022 patris,
995 2943 1037 3002 ita
1065 2939 1223 3023 loquiturs
1254 2937 1304 3002 sat

225 3041 284 3122 μέν
301 3062 362 3104 πον
383 3047 482 3104 κεῖνον
512 3039 706 3121 περιναιέται
727 3037 829 3123 cippis
861 3036 966 3114 ἐόντες
986 3039 1141 3121 τείρονσ,
1164 3041 1241 3105 otte
1260 3037 1302 3112 τίς
1366 3039 1367 3052 ’

226 3144 313 3208 ἐστιν
332 3140 413 3226 ἀρὴν
432 3145 486 3206 ιιαι1
505 3135 606 3222 λοιγὸν
627 3138 758 3217 α’μῦναι.
782 3142 862 3203 Hinc
883 3140 1004 3204 videtur
1018 3139 1205 3225 cyclioorum
1225 3165 1302 3206 anns

229 3242 351 3324 (Augias
368 3243 487 3325 opinor)
517 3263 584 3303 rem
603 3239 740 3324 pluribus
767 3239 955 3321 celebrasse,
977 3261 1067 3324 quem
1088 3255 1120 3304 et
1142 3243 1301 3328 Euripides

227 3344 414 3426 respexerit,
437 3355 467 3404 et
486 3343 592 3426 Dictys
609 3341 838 3402 adumbraverit
858 3341 965 3422 iniis,
986 3361 1065 3425 quae
1085 3343 1125 3406 de
1145 3345 1301 3428 Neoptole-

228 3445 272 3506 mi
294 3453 326 3506 et
347 3443 450 3505 Acasti
472 3440 674 3504 simultatibus
694 3443 813 3524 copiose
833 3452 963 3506 enarrat.

314 3543 499 3604 Thessaliam
525 3542 627 3619 mittit)
669 3540 722 3602 Ad
744 3539 918 3602 Thessaliae
935 3540 1023 3603 littus
1044 3541 1223 3626 appulerat3
1243 3545 1300 3602 iam

227 3643 303 3707 iidos
324 3645 418 3706 mittit
439 3644 470 3704 in
489 3644 585 3726 ipsam
605 3641 801 3704 Thessaliam.

310 3748 458 3827 originem
471 3781 510 3794 -
521 3745 698 3828 nuptiarum
715 3741 803 3803 Pelei
816 3761 881 3804 cum
898 3743 1036 3827 Tiseffle)
1079 3745 1246 3828 Antiquam
1264 3743 1300 3804 la-
1366 3763 1367 3778 ¹

227 3846 353 3925 hulam,
385 3865 403 3908 a
431 3848 524 3927 poetis
553 3846 639 3906 varie
669 3855 843 3906 enarratam
870 3847 912 3924 (ν.
942 3846 1029 3907 Stura
1062 3845 1103 3908 ad
1131 3845 1298 3928 Pherecyd·
1366 3903 1367 3910 ,

226 3949 333 4030 fragm.
356 3967 386 4028 p.
405 3945 485 4024 aa),
506 3943 595 4006 solito
616 3964 700 4005 more
731 3945 926 4026 interpretari
945 3955 1074 4008 conatur
1092 3949 1210 4032 Dictys.
1231 3943 1298 4008 tet.

227 4046 331 4108 Fuclrs
360 4047 488 4125 Quaest.
520 4065 552 4126 p.
578 4043 629 4104 82.
660 4073 701 4090 ·-
726 4057 888 4127 parentem
902 4045 968 4106 eius
991 4045 1121 4108 ΟΙιύονισ
1144 4045 1299 4132 appelta-

227 4157 271 4204 tes
285 4145 397 4220 Nereo]
440 4143 541 4225 Atque
572 4143 662 4204 Nerei
691 4141 782 4203 filiurn
809 4145 933 4222 luisse,
960 4145 1076 4227 antiqui
1102 4148 1297 4208 consentiunt.
1366 4181 1367 4190 ν

149 4313 153 4324 1
228 4237 370 4304 Clrhonis
386 4241 479 4304 filiam
498 4263 565 4305 eam
586 4246 723 4305 nominat
742 4243 798 4305 lib.
813 4247 838 4311 l.
851 4245 899 4327 ιη.
921 4275 964 4294 -
982 4247 1161 4312 convivium
1181 4245 1297 4308 -dw-
