2726 4686
247 403 296 475 68
451 371 461 388 “
627 410 744 470 otcrrs
770 417 946 470 cmitdsts

233 631 356 738 'guito
390 629 563 707 adventu
596 644 836 721 nostrorum,
870 653 962 706 oum
985 628 1118 708 multis
1142 625 1253 706 donis
1274 627 1324 704 ad·

43 765 44 768 ’
150 839 152 844 Ι
244 747 437 826 sentabat

345 865 470 938 XVII.
519 862 701 937 Ceterum
724 857 902 950 Achilles,
927 857 1037 936 haud
1062 877 1264 936 contentus
1279 886 1324 935 eo

245 1008 351 1068 rum,
388 1003 488 1081 quae
529 995 706 1080 gesserat,
741 967 886 1052 'Cilicas
918 965 1159 1080 aggreditur,
1210 977 1324 1080 ibique

244 1099 473 1199 Lyrnessum
497 1095 630 1198 paucis
660 1093 796 1168 diebus
821 1091 1031 1196 pugnando
1056 1093 1169 1199 cepit.
1220 1097 1324 1169 Inter

244 1211 344 1287 fecto
370 1208 462 1314 deirp
486 1209 658 1298 Eetionis,
684 1209 753 1312 qui
781 1207 840 1284 his
865 1209 957 1285 locis
973 1199 1239 1314 imperitabat,
1264 1235 1324 1282 mo⁴

244 1327 330 1430 gnis
362 1325 501 1430 opibus
534 1351 647 1404 naves
683 1325 823 1429 replet,
868 1323 1063 1402 abducens
1093 1329 1318 1430 Astynomen

245 1441 382 1546 Chrysi
409 1440 540 1527 filiam,
566 1465 667 1544 quae
690 1467 735 1520 eo
761 1458 932 1544 tempore
957 1442 1036 1544 regi
1061 1439 1324 1546 denuptuerat

246 1560 412 1664 Propere
435 1555 527 1633 inde
552 1554 740 1636 Pedasum
764 1582 985 1660 expugnare
1010 1557 1200 1662 occoepit,
1236 1553 1324 1628 Iele

245 1699 339 1777 gum
371 1674 529 1751 urbemt
565 1673 633 1750 sed
665 1701 802 1750 eorum
833 1700 900 1748 rex
930 1675 1049 1748 Brises
1072 1673 1143 1748 uhi
1163 1670 1324 1748 animad-

245 1791 364 1870 vertit
388 1791 430 1866 io
458 1788 669 1867 obsidendo
692 1789 834 1866 saevire
860 1807 1016 1877 nostros,
1042 1807 1149 1864 ratus
1171 1791 1280 1876 pulis
1298 1788 1324 1862 ri

247 1906 450 2009 prohiberi
475 1905 615 1995 hostes,
639 1925 709 1982 aut
731 1933 818 1982 suos
842 1907 931 1982 satis
955 1904 1115 1980 defendi.
1136 1929 1252 2010 posse,
1277 1901 1324 1976 do

243 2023 462 2127 speretiorie
487 2022 619 2124 effugii
644 2023 864 2126 salutisque,
892 2023 1047 2100 attentis
1061 2019 1194 2098 ceteris
1209 2017 1324 2095 adver

245 2163 332 2214 sum
370 2136 519 2214 hostem
555 2137 716 2214 domum
754 2165 957 2244 regressus,
1004 2139 1143 2240 laqueo
1179 2135 1324 2212 interiit

245 2255 380 2358 Neque
406 2255 531 2330 multo
556 2271 643 2359 post
675 2273 787 2360 capta
814 2256 976 2356 civitas,¹
999 2273 1117 2357 atque
1147 2251 1324 2330 interfect}

246 2371 361 2448 multi
386 2372 574 2466 mortales,
600 2390 640 2447 et
664 2371 832 2449 abducta
858 2371 938 2448 filia
957 2371 1054 2474 regis
1069 2367 1323 2474 Hippodamia

346 2489 492 2565 XVIII.
540 2491 613 2564 Per
644 2486 747 2563 idem
780 2507 930 2594 tempus
964 2489 1061 2564 Aiax
1094 2485 1323 2562 Telamonius

247 2601 444 2679 Thracum
462 2604 743 2680 Cherronesum
764 2606 871 2680 omni
890 2601 1005 2681 modo
1020 2601 1232 2680 infestabat.
1268 2601 1323 2678 Sei

248 2718 319 2794 ubi
338 2743 473 2796 eorum
495 2745 562 2796 rex
581 2719 818 2824 Polymestor
841 2720 1025 2797 virtutem
1044 2738 1162 2823 atque
1178 2718 1322 2820 glorian

249 2831 326 2911 viri
349 2837 542 2936 cognorit,
576 2833 752 2988 diffidens
777 2837 892 2914 rebus
915 2835 993 2913 suis
1019 2831 1257 2912 deditionem
1281 2859 1322 2910 oo

252 3099 307 3153 Sed
325 3102 446 3171 priorem
461 3103 610 3158 lectionem
629 3105 674 3158 vel
691 3107 816 3175 exempla
834 3105 870 3158 eb
894 3108 954 3176 ipso
971 3107 1088 3162 Heiusio
1112 3107 1196 3162 silete
1218 3122 1321 3177 compr<

252 3169 375 3226 beut-
393 3172 435 3225 Ad
454 3173 536 3226 finem
558 3192 615 3246 sep.
635 3193 685 3244 pro
703 3191 860 3230 nostrorum
877 3178 927 3232 Ed.
946 3177 1012 3231 Obr.
1032 3190 1137 3233 nostro.

326 3241 411 3296 xvn.
456 3245 586 3328 Eetione)
622 3249 699 3299 Bern.
726 3249 863 3300 sartione.
896 3249 943 3301 Ed.
965 3248 1051 3304 Ptine.
1070 3252 1175 3304 eoione.
1193 3247 1265 3302 Crat.
1291 3249 1321 3302 Fr

253 3312 354 3370 ctione·
401 3311 504 3367 Similis
536 3314 619 3368 horus
646 3316 767 3370 nominis
791 3321 932 3386 corruptio
962 3319 1179 3388 deprehenditur
1207 3335 1229 3370 e
1251 3337 1320 3388 ¹9··

253 3379 320 3438 Ιοι
341 3383 412 3436 crat
434 3383 577 3449 Crlr‘cr'ar,
596 3394 625 3438 et
642 3389 668 3438 S.
688 3387 759 3440 Gaii.
778 3381 945 3459 oppfrtque
965 3389 1037 3441 Crat.
1059 3389 1220 3458 Lflmsum·

325 3451 425 3521 Chrysi
431 3453 487 3526 fii.)
501 3453 657 3526 Legendum
670 3457 786 3526 Chrysei
797 3459 840 3509 rei
853 3459 964 3524 Odrysii
973 3461 1015 3512 vei
1027 3461 1155 3530 Chrysae.
1167 3461 1203 3512 ti·
1214 3458 1288 3519 dieo,
1297 3476 1320 3528 q:

256 3521 359 3646 Greege
379 3525 477 3646 spithnlt.
514 3527 642 3582 Deseris.
686 3531 768 3583 iiects
790 3545 819 3582 ee
841 3529 927 3582 habet
948 3530 1049 3598 Chrysi
1060 3570 1069 3596 ,
1095 3540 1127 3585 ut
1148 3529 1222 3586 vidit
1244 3531 1318 3600 Wop

276 3636 282 3651 .
310 3611 405 3646 2.e.
460 3607 514 3647 ors.

253 3611 272 3666 P
323 3665 464 3737 Lelegum)
498 3667 576 3718 Iiern.
598 3673 627 3720 et
644 3665 694 3720 [id.
714 3669 801 3722 Ptine.
819 3669 967 3742 legeorum.
995 3671 1021 3723 S.
1040 3669 1112 3723 Gaii.
1130 3687 1194 3741 opp.
1213 3669 1319 3740 legurm

254 3733 305 3856 {d
324 3733 396 3788 Cret.
414 3735 633 3806 teopom-
653 3737 719 3792 Mox
735 3755 785 3810 pro
807 3743 901 3797 Brises
917 3741 943 3793 S.
964 3741 1035 3794 Gali.
1057 3757 1121 3814 opp.
1146 3749 1175 3795 et
1191 3739 1240 3796 Ed.
1261 3741 1319 3793 Prir

272 3821 364 3859 mres.

326 3874 606 3961 effugii-reluu'sque)
643 3879 721 3931 Rern.
739 3877 826 3952 effugi
841 3882 991 3956 salutique.
1032 3881 1107 3936 loire
1125 3879 1175 3938 Ed.
1193 3881 1281 3936 Prius.
1300 3899 1319 3936 o

252 3958 301 4098 μ’.
318 3959 639 4083 ‘iiiiin'eotymrsrorj
676 4017 708 4067 in
734 4019 844 4082 seriptis
871 4020 1010 4095 editisque
1038 4023 1242 4094 exemplaribus
1274 4037 1318 4092 eps

255 4085 356 4154 Dtetpn
375 4102 433 4140 erse
454 4089 645 4155 Polymestor,
667 4103 721 4137 non
742 4089 950 4156 Polymnestor,
980 4103 1054 4148 reete
1072 4101 1168 4148 mouet
1191 4093 1290 4147 IIeins·

256 4148 339 4209 Orid.
359 4157 425 4208 Met.
450 4157 518 4208 xnt.
544 4160 603 4226 dio.
630 4171 713 4228 quom
738 4159 809 4212 vide.
854 4161 940 4232 Supra
963 4161 990 4216 S.
1010 4163 1084 4222 Geli,
1108 4181 1160 4216 soc.
1181 4163 1216 4218 tx
1243 4171 1274 4214 et
1302 4163 1318 4216 E

255 4227 344 4280 Prius.
361 4245 458 4283 rorum
483 4245 551 4292 rex,
575 4243 632 4282 non
653 4227 761 4285 inverso
789 4229 896 4291 ordine.
931 4233 1005 4290 Infra
1029 4247 1151 4309 tuncque
1180 4235 1267 4300 iibri,
1295 4254 1317 4290 rr

255 4307 376 4373 euntque·
