2762 4684
392 275 613 338 suncanto
630 274 770 334 nourr
787 275 972 336 merome.
1205 271 1229 338 'i
1308 269 1310 272 ⁵

125 459 296 530 Bocutan
310 457 372 528 iter
390 459 480 545 tecit,
505 459 697 527 Salaminam
717 457 864 527 advectus
884 469 933 525 eet
952 455 1228 526 ad'Teltmtonemc

20 580 33 588 ‘
124 588 237 650 rogare
257 578 332 631 eunt
356 567 473 654 coepit,
499 577 533 630 ut
552 565 678 632 Priamo
700 565 876 630 Hesionam
904 583 1043 629 sororem
1069 560 1229 642 redderet3

124 693 193 736 non
206 670 292 735 enim
304 691 374 736 esse
391 690 544 756 aequum,
569 667 688 734 tamdiu
703 671 737 734 in
752 671 899 734 servitute
913 670 1028 732 habere
1043 667 1121 750 regii
1131 688 1228 750 gene·

123 774 170 838 ris
188 775 334 862 puellam.
384 773 537 839 Telamon
550 771 698 838 Antenori
716 770 893 861 respondit,
909 773 999 860 ⁶nihil
1019 792 1086 836 ase
1101 769 1227 838 Priamo

124 880 258 957 tanum3
283 874 339 942 sed
356 873 441 963 qnod
458 877 582 942 virtutis
601 896 709 941 caussa
724 878 785 942 sibi
806 875 954 942 donatum
976 875 1034 955 sit,
1054 895 1089 942 se
1107 875 1227 940 nemini

123 977 286 1044 daturum:
312 981 353 1044 ob
366 981 426 1046 hoc
443 959 631 1044 Antenorem
645 978 685 1044 de
700 978 801 1046 insula
816 979 974 1046 discedere
987 981 1083 1043 iubet.
1131 979 1228 1043 Ante-

123 1105 184 1148 nor
207 1085 316 1149 navim
334 1082 528 1163 conscendit,
550 1085 584 1147 in
601 1083 749 1150 Achaiam
768 1085 865 1151 renit.
914 1081 993 1149 Inde
1009 1081 1050 1146 ad
1064 1079 1227 1148 Castorem

123 1199 157 1254 et
169 1186 326 1252 Pollucem
338 1185 476 1268 delatus,
502 1188 605 1276 coepit
624 1189 664 1252 ab
683 1189 734 1252 lais
745 1190 917 1276 postulare,
942 1198 976 1250 ut
989 1185 1113 1252 Priamo
1132 1186 1228 1250 satis-

121 1293 267 1372 facerent,
292 1303 324 1355 et
339 1293 370 1356 ei
383 1293 556 1356 Hesionam
570 1312 711 1356 sororem
722 1289 897 1356 redderent.
946 1290 1056 1356 Castor
1069 1301 1102 1352 et
1115 1289 1228 1355 Pollux

121 1405 331 1475 negaret-cml,
357 1396 504 1460 iniuriam
522 1393 647 1460 Priamo
668 1398 882 1475 lamentasse,
905 1391 961 1458 sed
978 1389 1225 1458 Laomedontem

121 1515 180 1564 ecs
193 1497 331 1585 priorem
351 1499 498 1563 laesisse:
522 1497 709 1564 Antenorem
726 1497 883 1563 discedere
901 1499 1018 1563 iubent.
1068 1493 1147 1562 Inde
1159 1496 1226 1579 Py-

120 1601 188 1664 lum
202 1600 243 1666 ad
255 1601 421 1668 Nestorem
434 1603 537 1668 veuit:
563 1601 644 1666 dixit
657 1601 799 1682 Nestori,
818 1623 879 1690 qua
896 1599 938 1666 de
952 1621 1061 1666 caussa
1074 1601 1226 1667 venisset.

120 1701 188 1784 Qui
201 1715 234 1768 ut
246 1703 384 1785 audivit,
404 1707 508 1794 coepit
519 1705 705 1770 Antenorem
721 1707 895 1789 obiurgare,
923 1727 976 1769 cur
990 1725 1082 1768 ausus
1096 1716 1178 1768 esset
1189 1704 1224 1766 in

119 1805 285 1873 Graeciam
299 1809 424 1888 venire,
451 1829 546 1896 quum
561 1829 580 1872 a
593 1809 766 1892 Phrygibus
785 1811 905 1897 priores
921 1807 1033 1874 Graeci
1050 1808 1128 1871 laesi
1143 1805 1224 1870 luis-

119 1920 202 1974 sent.
252 1911 389 1975 Antenor
403 1910 457 1976 ubi
472 1910 592 1978 audivit
605 1914 684 1978 nihil
699 1913 938 2000 reimpetrasse,
954 1924 985 1975 et
999 1910 1223 1974 contumeliose

119 2013 278 2077 Priamum
307 2017 444 2092 tractari,
476 2017 584 2080 navim
610 2013 803 2095 conscendit,
838 2014 969 2079 domum
997 2034 1141 2078 reversus
1165 2023 1225 2077 est.

119 2113 243 2180 Priamo
257 2117 324 2197 regi
337 2113 542 2204 demonstrat,
565 2117 723 2205 quomodo
738 2119 948 2205 unusquisque
961 2116 1165 2206 responderit,
1191 2125 1225 2197 et
1264 2195 1269 2208 ἣ

118 2217 278 2306 quomodo
295 2219 409 2284 abillis
427 2232 570 2286 tractatus
590 2222 648 2286 sits
670 2222 823 2310 simulque
837 2223 978 2288 hortatus
992 2232 1043 2284 est
1054 2219 1222 2299 Priamum,

119 2335 222 2388 utcos
235 2323 318 2388 bello
331 2336 541 2414 persequatur.

580 2491 673 2562 Gar.
694 2493 754 2560 VI.

220 2627 375 2698 Continuo
394 2631 536 2698 Priamus
558 2629 642 2696 lilios
664 2630 770 2696 vocari
790 2629 893 2708 iubet,
919 2639 952 2693 et
971 2648 1085 2699 omncs
1104 2624 1223 2693 amicos

119 2754 212 2814 suos,
232 2733 434 2816 Antenorem,
459 2733 631 2815 Anchisen,
656 2731 792 2814 Aenean,
813 2733 1052 2814 Ucalegontem,
1074 2729 1223 2795 Bucolio·

117 2857 202 2918 nem,
226 2836 391 2920 Parthum,
418 2840 628 2927 lamponem,
643 2833 687 2901 ‘et
700 2859 810 2902 omnes
821 2837 921 2916 filios,
949 2837 1003 2922 qui
1020 2857 1061 2898 ex
1076 2832 1224 2899 connubi-

115 2941 168 3028 pis
181 2942 248 3005 nati
267 2955 363 3006 erant.
414 2940 479 3022 Qui
500 2953 534 3004 ut
549 2953 773 3020 convenerunt,
800 2939 882 3005 dixit
896 2941 959 3016 eis,
987 2960 1021 3003 se
1035 2937 1223 3002 Antenorem

116 3044 253 3124 legatum
273 3047 308 3108 in
333 3043 496 3110 Graeciam
516 3047 659 3126 misisse,
685 3055 719 3109 ut
740 3045 776 3108 hi
799 3045 861 3108 sibi
882 3043 1111 3122 satisfacerent,
1138 3038 1224 3128 quod

116 3158 238 3234 patrem
252 3169 343 3212 suum
357 3160 529 3227 necassent,
555 3149 729 3214 Hesionam
747 3149 807 3211 sibi
820 3144 1001 3212 redderent:
1026 3147 1095 3210 illos
1112 3157 1224 3208 contu-

117 3251 248 3315 meliose
271 3273 306 3316 se
325 3264 492 3332 tractasse,
524 3263 556 3315 et
580 3253 767 3317 Antenorem
789 3253 869 3318 nihil
895 3251 934 3315 ab
959 3251 1006 3314 eis
1027 3250 1224 3337 impetrasse.

115 3353 239 3420 Verum
266 3357 413 3440 quoniam
439 3375 529 3421 suam
552 3357 746 3422 voluntatem
774 3359 877 3420 iacere
903 3355 1094 3433 noluissent,
1119 3349 1223 3417 videri

117 3457 196 3537 sibi,
224 3461 394 3524 exercitum
415 3460 449 3524 in
466 3457 631 3525 Graeciam
646 3460 746 3538 mitti,
773 3461 825 3546 qui
844 3479 964 3548 poenas
987 3466 1162 3543 repeterent
1181 3454 1222 3517 ab

117 3562 181 3639 eis,
215 3582 256 3626 ne
284 3562 431 3626 barbaros
451 3561 563 3628 Graeci
585 3563 696 3628 inrisui
724 3563 885 3640 haberent,
937 3562 1147 3643 Hortatusque
1172 3565 1223 3620 est

116 3661 259 3728 Priarnus
280 3666 396 3730 liberos
420 3687 511 3746 suos,
534 3678 569 3728 ut
591 3667 683 3730 huius
703 3668 750 3730 rei
767 3668 923 3754 principes
939 3667 1056 3741 forent,
1081 3657 1222 3724 maxime

117 3767 303 3848 Hectorem3
325 3771 497 3838 eratenim
511 3771 612 3858 maior
627 3783 721 3834 natus
746 3771 800 3856 qui
820 3770 922 3856 coepit
940 3765 1057 3844 dicere,
1083 3764 1165 3828 velle
1185 3781 1222 3825 se

117 3868 245 3956 quidem
260 3874 454 3938 voluntatem
468 3873 566 3961 patris
581 3875 727 3960 exsequi,
753 3884 784 3935 et
799 3869 1024 3944 Laomedontis
1036 3868 1090 3933 avi
1100 3865 1149 3931 sui
1163 3885 1222 3929 ne-

117 3993 187 4036 cem
211 3976 317 4040 ulcisci
338 3989 369 4040 et
394 3997 589 4063 quascunque
619 3979 748 4040 iniurias
767 3973 880 4041 Graeci
898 3973 1046 4040 Troianis
1065 3971 1221 4048 iecissent,

117 4097 158 4140 oe
172 4079 361 4166 impturitum
373 4079 408 4143 id
422 4079 524 4146 Graiis
535 4085 632 4162 foret3
655 4077 712 4144 sed
724 4080 837 4160 vereri,
859 4101 899 4143 ne
912 4101 976 4142 non
986 4075 1132 4163 perlicere
1144 4093 1222 4161 pos-

118 4193 205 4264 sent,
231 4181 317 4270 quod
337 4185 441 4251 consti
460 4196 582 4254 emente
606 4187 722 4252 multos
743 4181 903 4251 adiutores
921 4179 1071 4250 Graeciae
1085 4181 1222 4257 tuturos3
