2726 4686
267 379 315 448 58
648 397 766 446 urcrrs
793 395 971 447 caurensis

364 589 411 666 X.
463 589 512 663 At
536 585 605 660 ubi
631 586 839 662 instructae
857 587 1016 663 omnino
1031 586 1172 676 clasma,
1194 607 1233 664 et
1247 617 1315 664 mar

231 725 235 732 ·
264 704 417 808 navigio
443 723 594 808 patens,
618 729 745 806 neque
769 703 852 777 ulla
878 729 936 778 res
960 700 1235 808 impedimento
1257 729 1315 778 era

265 823 439 928 Scythas,
465 821 534 924 qui
560 819 660 896 forte
683 819 880 896 mercandi
903 821 1025 922 gratia
1042 845 1087 896 eo
1103 821 1312 926 appuleran

264 937 473 1014 conductos
508 933 682 1012 meroede
714 935 830 1012 duoes
863 936 1108 1041 profectionis
1135 938 1218 1014 eiua
1249 935 1315 1012 del

264 1077 364 1157 gere.
411 1056 485 1128 Per
510 1051 613 1128 idem
639 1071 789 1157 tempus
811 1053 1004 1158 Telephus
1027 1050 1159 1129 dolore
1182 1054 1315 1130 voluer

262 1170 364 1262 eiua,
400 1167 506 1272 quod
541 1169 584 1244 in
614 1171 763 1274 proelio
787 1167 988 1246 adeersum
1012 1169 1176 1246 Graecos
1198 1195 1315 1266 aouep

261 1303 343 1374 rat,
365 1283 440 1380 *die
472 1286 691 1376 afflictatus,
725 1311 850 1390 quum
875 1285 986 1363 nullo
1011 1283 1180 1362 remedio
1203 1285 1315 1361 mede]

262 1418 406 1506 posset,
431 1399 481 1475 ad
498 1417 742 1506 postremum
766 1401 957 1506 Apollinis
982 1402 1139 1479 oraculo
1162 1403 1315 1478 monitu

259 1517 319 1594 uti
361 1515 551 1593 Achillem
594 1535 711 1620 atque
746 1517 960 1625 Aesculapii
1002 1519 1100 1595 filioa
1127 1513 1315 1594 adhiberet

258 1659 423 1740 propere
443 1635 559 1736 Argos
578 1635 741 1736 navigat.
790 1635 893 1712 Dein
913 1635 1062 1712 eunctis
1080 1633 1244 1711 ducibus
1259 1661 1315 1708 oar

257 1775 339 1826 sam
363 1747 550 1827 adventus
573 1749 656 1826 eius
676 1749 969 1843 admirantibus,
995 1753 1196 1830 oraculum
1211 1750 1315 1826 refer

257 1883 375 1970 atque
400 1865 453 1941 ita
478 1883 579 1955 orat,
613 1891 664 1942 ue
687 1865 761 1942 sibi
795 1867 1035 1972 praedictum
1059 1865 1272 1943 remedium
1298 1893 1315 1938 a

257 1979 390 2056 amicis
427 1997 643 2083 negaretur.
699 1983 813 2080 Quae
846 1983 917 2060 uhi
948 2009 1144 2088 accepere,
1179 1981 1315 2058 achill

258 2121 350 2172 oum
386 2095 600 2198 Machaone
631 2113 671 2174 et
702 2097 917 2184 Podalirio,
954 2099 1180 2174 adhibentes
1209 2125 1315 2171 curer

255 2211 428 2302 vulneri,
463 2211 570 2285 brevi
595 2211 711 2288 iidem
733 2214 882 2289 oraculi
907 2214 1118 2290 firmavere.
1164 2214 1315 2289 Cetertu

257 2327 415 2418 Graeci,
447 2327 579 2403 multis
604 2323 933 2407 immolationibus
958 2329 1045 2408 deos
1068 2328 1261 2406 adiutores
1286 2327 1314 2400 ir

257 2459 404 2549 coepto·
418 2442 654 2554 invocantes,
687 2443 869 2522 Aulidem
895 2471 986 2523 cum
1010 2445 1215 2554 praedietis
1237 2469 1311 2520 nav

256 2558 330 2635 bus
360 2559 546 2635 veniunt:
582 2578 699 2662 atque
732 2560 825 2638 inde
850 2586 1014 2668 propere
1039 2563 1216 2666 navigare
1250 2560 1313 2634 inc

256 2674 455 2782 pientibue
487 2671 568 2750 dax
592 2676 785 2783 Telephus
805 2680 860 2755 oh
884 2697 1078 2794 acceptam
1099 2679 1265 2782 gratiam
1289 2675 1313 2750 i

291 2903 324 2960 x.
359 2905 439 2958 inter.
457 2900 571 2954 omnino
593 2897 705 2970 elaraea)
742 2899 799 2952 iam
827 2905 891 2954 aute
913 2901 1023 2972 aliquot
1050 2917 1136 2954 anuoa
1160 2902 1199 2952 ita
1225 2913 1258 2950 ox
1276 2897 1312 2950 Ed

255 2973 339 3028 liaril.
358 2981 388 3025 et
405 2973 501 3025 Decor.
522 2969 656 3039 Septimio
677 2971 822 3024 reatituere
841 2987 923 3023 aueua
941 2989 1023 3025 oram.
1059 2969 1173 3024 Gaudeo
1196 2967 1251 3020 iam
1277 2969 1312 3019 ml

254 3045 352 3100 favore
372 3045 447 3096 Bean.
467 3047 496 3091 et
507 3038 560 3092 tid.
582 3039 685 3104 Mero,
702 3041 976 3114 contentionumque
994 3039 1088 3096 videre
1108 3039 1288 3108 Oudendorp.

255 3115 339 3184 Apul.
357 3114 425 3166 Met.
443 3111 504 3177 vn.
524 3126 550 3180 p·
569 3109 628 3179 49¹·
671 3109 715 3164 Al.
740 3113 816 3164 urani
840 3111 940 3178 modo,
965 3111 1041 3186 quod
1063 3113 1311 3183 interpretamento

326 3251 444 3323 navigio
459 3247 570 3322 putem)
641 3245 712 3305 Edd.
729 3247 800 3317 vulg.
818 3253 929 3322 navigii
947 3253 1065 3325 potiens.
1100 3251 1148 3312 „ln
1167 3251 1246 3304 Voss.
1267 3269 1310 3302 nor

254 3327 312 3400 gio.
338 3335 453 3392 prave¹·,
474 3321 515 3372 ait
535 3315 712 3388 Oudendorp.
734 3317 770 3370 ad
787 3322 866 3390 Apul.
883 3323 950 3374 blot.
969 3323 1026 3374 Vll.
1046 3339 1074 3392 p.
1091 3325 1137 3394 49¹
1167 3321 1269 3391 (ceteri
1297 3341 1310 3372 r

256 3395 369 3452 »iturii
383 3389 543 3466 potientes).
582 3387 636 3440 Sed
654 3391 734 3442 otiam
759 3397 815 3444 trea
834 3393 888 3444 mei
910 3393 988 3448 MSS.
1010 3399 1039 3446 et
1057 3393 1104 3446 Ed.
1123 3391 1210 3444 Priuc.
1231 3395 1310 3462 uavig

254 3469 385 3524 ἀπίημι·
404 3472 433 3516 el
450 3463 481 3513 in
500 3457 648 3512 ⁰⁰¹l²il⁰sse
666 3459 693 3512 S·
712 3459 784 3515 Gall.
801 3479 853 3517 aer.
873 3463 918 3516 lx.
937 3465 1053 3516 adnotat
1068 3463 1205 3519 Orelliuaa
1223 3477 1276 3521 „au
1298 3485 1309 3514 r

252 3539 332 3608 eigio
356 3531 481 3608 parens?
516 3529 602 3600 (mare
627 3529 786 3605 clausum).‘·
822 3533 941 3608 Optime·
966 3535 1008 3590 (ii.
1028 3535 1117 3588 Gloaa.
1139 3561 1172 3574 -
1202 3531 1309 3586 luiral

255 3609 447 3745 Obr'dbiibiabo
468 3601 781 3742 bithaliipbbiiiaiihd.
791 3673 876 3726 Prino.
894 3670 1023 3728 dolorem.
1060 3671 1198 3726 Videntur
1216 3670 1304 3722 rotuli

252 3749 380 3806 delorem
397 3741 519 3806 mederi,
538 3749 565 3794 et
579 3740 615 3792 ad
634 3741 784 3810 afflictatur
803 3744 989 3798 intellexiste:
1009 3759 1058 3804 eo,
1076 3743 1135 3796 aeil.
1149 3742 1254 3794 dolore.
1296 3743 1308 3792 i

252 3823 394 3877 mationa
415 3815 488 3883 apud
508 3813 621 3867 verboru
640 3812 744 3866 mederi
764 3813 837 3868 haud
855 3833 930 3868 rarua
949 3814 1023 3885 apud
1046 3817 1165 3882 optimoa
1186 3813 1308 3882 acriptor

322 3885 487 3975 qffl'ioaatua)
522 3883 571 3938 Ed
591 3883 676 3936 Priue.
696 3885 870 3956 afflictata—
895 3885 962 3940 Mox
978 3901 1029 3956 pro
1047 3881 1192 3942 adiutaret
1218 3881 1270 3936 Ed.
1290 3883 1307 3936 t

201 4029 206 4038 '
253 3961 479 4118 widemire)
515 4023 543 4082 S.
561 4023 633 4077 Gall·
648 4041 712 4148 opp.
725 4023 896 4098 formavere.
933 4023 1125 4100 [arreptitii
1146 4021 1200 4074 mei
1221 4023 1307 4076 ethio

251 4104 401 4189 papiam,
429 4114 487 4149 nou
504 4093 617 4150 Aulida.
678 4096 714 4150 id,
733 4097 769 4150 ad
785 4097 805 4148 1.
821 4094 848 4150 5.
885 4093 934 4152 Pro
963 4093 1163 4168 incipientibus
1199 4091 1253 4148 Ed.
1273 4093 1306 4146 Cr

253 4187 515 4311 ancrpprtpppwm
532 4237 664 4307 gratiam)
700 4235 794 4290 Malim
816 4237 849 4290 ob
869 4223 976 4308 aceepei
985 4235 1114 4308 gratiam,
1129 4236 1146 4288 i.
1158 4249 1181 4286 e.
1202 4233 1306 4288 uthch
