2698 4688
223 427 226 435 i
260 381 368 432 Xsstl
540 404 546 438 t
683 377 928 432 tumulturio.
1057 389 1062 414 ¹

255 591 326 634 rum
358 571 541 656 scriptorum
574 567 712 650 subulas,
748 589 903 652 novasque
931 569 996 652 ipse
1023 561 1152 633 condit:
1185 559 1271 646 Septi

257 675 416 740 confundit
444 676 598 740 vanarum
630 687 764 739 aetatum
794 673 994 747 latinitatem,
1025 691 1167 756 novaque
1195 669 1271 732 verb

255 785 375 848 dicendi
404 782 552 874 formulas
586 783 763 849 introducit.
813 783 975 858 Primum,
1006 781 1087 862 quod
1118 783 1260 842 certatim

254 893 336 956 docti
357 890 611 974 animadvertere,
628 891 806 956 Sallustium
821 889 1049 975 diligentissime
1065 888 1248 951 aemulatur.

256 1021 362 1062 omnes
391 997 491 1064 libros
515 1001 633 1084 insigne
662 999 797 1062 Sallustii
830 997 967 1060 imitandi
991 997 1127 1060 studium
1150 998 1272 1080 conspic

256 1118 319 1184 est,
339 1105 422 1189 quod
440 1107 563 1189 quidem
584 1129 656 1170 cum
676 1108 708 1168 in
730 1109 834 1190 paucis
857 1108 897 1169 sit
919 1104 1176 1188 vituperandum,
1198 1107 1233 1166 in
1255 1127 1272 1187 p

255 1217 314 1278 mis
345 1212 435 1278 valde
463 1215 651 1280 laudandum
684 1228 741 1280 est.
797 1217 922 1300 Ubique
955 1218 1121 1300 reperimus
1151 1211 1272 1277 Sallusti

256 1321 401 1406 loquendi
421 1325 642 1408 proprietates,
666 1326 914 1398 constructiones,
937 1317 1154 1387 sententiarum
1175 1343 1273 1385 conns

254 1453 309 1493 nes
335 1442 366 1493 et
394 1435 576 1513 varietates,
603 1432 728 1516 phrases
755 1433 920 1516 verbaque.
970 1433 1042 1494 Non
1064 1433 1186 1496 anxiam
1212 1432 1273 1493 imit

254 1543 403 1604 rationem
425 1553 570 1623 sectatus,
597 1565 668 1606 cum
688 1543 747 1606 alia
766 1543 806 1606 ad
825 1545 956 1606 verbum
979 1543 1176 1628 expresserit,
1208 1561 1273 1625 amp

253 1653 301 1714 vit
321 1649 392 1733 alia,
414 1651 474 1714 alia
492 1651 629 1734 addidit3
653 1651 750 1716 multa
773 1653 987 1738 interpretatus
1007 1663 1072 1732 est,
1095 1649 1183 1735 longe
1203 1635 1274 1736 plen

255 1779 312 1820 suo
344 1780 430 1822 more
458 1759 583 1824 liberius
611 1763 754 1824 tractavit
785 1771 817 1824 et
846 1762 1029 1826 immutavit.
1081 1759 1274 1823 Alacritatem

255 1867 353 1931 robur
372 1867 573 1933 Sallustianae
592 1874 738 1935 emtionis
757 1893 813 1934 sua
834 1872 931 1935 lacere
952 1881 1090 1950 conatos,
1105 1871 1266 1953 praecipue

255 1977 342 2037 vitati
364 1977 528 2040 imitandae
547 1983 698 2063 egregiam
719 1978 897 2065 felicemque
908 2001 1031 2063 operam
1050 1978 1184 2040 navavit.
1224 1976 1275 2037 Lu'

255 2085 369 2146 tissime
399 2088 527 2168 reqsexit
556 2089 647 2148 etiam
676 2089 841 2166 Tacitum,
886 2084 1061 2150 Sallustiani
1092 2085 1153 2152 stili
1181 2083 1275 2147 aemui

257 2189 434 2275 Utrumque
462 2195 495 2254 in
523 2195 675 2256 brevitate
705 2215 848 2278 superare
878 2196 1058 2275 contendit3
1091 2195 1144 2258 sed
1164 2193 1275 2255 nimiur

256 2295 316 2360 hoc
336 2299 438 2362 studio
456 2313 614 2381 versatus,
637 2301 799 2365 brevitates
815 2324 904 2386 saepe
922 2302 1137 2383 intolerabiles,
1157 2301 1276 2384 ellipses

256 2409 412 2487 rissirnas,
439 2412 681 2472 constructiones
700 2411 840 2474 confusas
860 2415 970 2495 vixque
991 2411 1188 2495 expediendas
1207 2431 1276 2492 proc

256 2517 313 2576 vit.
362 2517 540 2580 Eorundem
578 2529 698 2607 secutus
733 2533 779 2584 est
807 2523 838 2582 in
873 2521 1055 2588 adhibendis
1081 2521 1214 2602 antiquis
1246 2517 1276 2578 lo

256 2624 438 2710 exemplum.
486 2627 576 2690 Haud
606 2649 717 2712 paucas
745 2650 855 2713 easque
885 2629 1118 2714 elegantissimas
1142 2625 1260 2690 dicendi

256 2732 356 2797 rnulns
377 2734 467 2798 debet
487 2735 645 2799 Ciceroni:
680 2749 770 2821 atque
791 2738 948 2800 exordium
968 2738 1115 2800 orationis
1134 2735 1276 2798 ciceroni

258 2861 316 2924 pro
340 2841 451 2906 Roscio
482 2843 629 2908 Amerino
649 2847 758 2908 tribuit
777 2845 862 2909 Ulixi
893 2845 963 2930 (lib.
988 2847 1028 2906 ll.
1049 2847 1130 2932 an).
1174 2845 1275 2926 Exqui

258 2949 406 3012 formulae
430 2951 544 3014 multae
566 2965 638 3014 sum
659 2977 693 3016 er
713 2957 814 3032 Livio,
838 2957 977 3030 Caesare,
1000 2955 1115 3038 Nepote
1129 2952 1255 3034 aliisque
1275 2995 1276 3008 i

258 3055 400 3136 ptoribus
422 3055 511 3118 bonis
533 3063 663 3140 petitae:
686 3061 759 3124 hinc
780 3063 805 3123 l.
825 3065 878 3127 Fr.
900 3066 1074 3125 Gronovius
1093 3061 1271 3145 Septimium

258 3172 307 3221 eat
333 3164 517 3246 optimorum
539 3169 707 3245 denudum
746 3191 824 3254 quae
852 3173 1002 3232 Gronovii
1034 3171 1126 3232 verba
1158 3187 1274 3230 comnm

257 3269 445 3332 Niebuhrins
472 3273 557 3338 liiim.
591 3276 698 3338 Gessit.
727 3277 790 3341 Bd.
814 3279 844 3338 I.
863 3301 898 3364 p.
925 3279 999 3348 258.
1054 3281 1156 3342 Etiam
1189 3287 1275 3360 poeta

256 3375 390 3441 lloseulis
416 3384 586 3443 orationem
615 3403 703 3444 suam
733 3389 900 3454 exornavit.
952 3389 1093 3451 Poeticae
1122 3385 1205 3448 baud
1235 3407 1276 3468 pa*

256 3493 330 3545 sunt
369 3485 605 3569 descriptiones:
643 3495 674 3552 in
706 3515 836 3576 quarum
868 3517 996 3556 numero
1024 3505 1147 3578 praeter
1184 3504 1276 3554 certat

258 3591 407 3656 nonnulla
437 3605 509 3656 sunt
533 3600 705 3682 orationes,
738 3603 858 3684 egregio
889 3601 1069 3686 plerumque
1092 3599 1210 3662 dicendi
1240 3621 1274 3682 ge

260 3699 449 3780 excellentes,
470 3715 561 3788 atque
583 3708 683 3772 luctus
705 3721 734 3771 et
752 3711 922 3794 desperatio
938 3713 1142 3774 Tmianorum
1157 3718 1223 3793 post
1235 3709 1276 3769 lle

260 3808 302 3868 ris
322 3819 460 3870 mortem.
493 3811 612 3895 Virgilii
632 3815 784 3898 permulta
797 3829 880 3897 sunt,
901 3817 1048 3880 nonnulla
1069 3819 1203 3880 Terentii
1218 3827 1276 3897 etp

259 3919 362 3976 sertim
381 3917 492 3981 Plauti.
522 3921 659 3984 Imitatus
672 3923 836 4006 Septimius
850 3927 941 3987 etiam
956 3929 1116 4008 scriptores
1133 3936 1177 3988 est
1187 3921 1276 3986 multe

260 4025 428 4103 tiquiores,
460 4028 548 4088 utin
580 4049 651 4090 eum
681 4051 804 4115 quoque
841 4031 931 4094 cadat
964 4031 1128 4094 Ruhnkeni
1158 4033 1186 4093 in
1218 4031 1276 4092 Pra

260 4127 433 4211 Apuleiana
447 4131 486 4195 de
503 4132 602 4196 Gellio
612 4147 641 4197 et
652 4137 780 4218 Apuleio
796 4141 962 4202 sententia:
984 4141 1102 4217 „modo
1114 4161 1181 4202 cum
1193 4137 1276 4200 Cicer

259 4235 392 4298 Caesare
407 4249 437 4300 et
457 4241 563 4316 Livio,
587 4245 679 4305 modo
700 4265 769 4308 eum
793 4247 929 4310 Evandri
951 4257 1047 4310 matre
1067 4245 1151 4327 loqni
1171 4245 1276 4306 videno
