2698 4688
504 421 751 472 inmundorum
1115 427 1177 478 Lm

97 617 122 666 et
139 607 263 676 Tacitus.
310 613 425 674 Verum
447 633 626 699 prosumus
649 615 796 694 sequioris
818 623 862 674 ost
875 611 1059 684 latinitatis,
1091 603 1183 674 amu-⁸

97 723 152 774 tum
174 713 317 799 Apuleio:
354 719 428 781 Met.
456 719 497 785 V.
529 740 558 801 p.
580 717 651 785 581.
690 717 790 780 Venus
808 751 848 768 -
864 721 1034 802 praeversis
1058 721 1120 781 illis
1139 751 1178 771 ·-

91 823 189 904 pelago
206 826 288 884 vmm
308 815 456 910 capessite
475 825 549 886 Met
570 825 641 885 Vll.
656 847 688 908 p.
702 823 772 908 494,
795 827 901 886 misem
921 825 1069 887 eeleritate
1085 848 1188 909 prae-¹

98 951 181 998 serso.
202 942 232 992 et
253 931 341 994 alibi.
362 932 413 992 Cl'.
438 931 599 1015 Hegesipp.
621 932 674 993 111.
698 931 747 994 25.
764 953 925 1016 praeverso
950 933 1063 995 itinere.

165 1037 232 1099 Lib.
258 1039 317 1103 ill.
342 1059 393 1100 oo.
416 1039 527 1117 refovit
546 1041 695 1118 spiritum.
725 1036 818 1118 Apul.
837 1039 909 1103 Met.
934 1037 959 1104 1.
982 1037 1077 1120 p.61.
1102 1062 1178 1104 nmis

97 1147 175 1205 etium
208 1147 316 1230 spiritu
343 1145 465 1227 difiribr
491 1179 528 1192 -
554 1159 583 1205 et
608 1144 729 1230 aliquid
753 1146 868 1206 cibatus
890 1145 1050 1224 resmsendo
1072 1151 1180 1234 spiritu

97 1251 239 1330 desudem,-
273 1257 346 1318 Met.
378 1255 416 1322 11.
442 1279 472 1340 p.
502 1255 568 1320 156.
600 1257 736 1337 reswens
763 1257 907 1318 oninium.
940 1265 970 1315 et
996 1259 1040 1318 sie
1059 1255 1125 1318 aliis
1148 1259 1179 1316 in

97 1357 218 1422 formulis
239 1363 468 1426 usitatissimum
490 1363 623 1446 Apuleio
644 1363 838 1426 estvu1·bum
859 1364 1012 1444 refouere,⁸
1033 1383 1089 1425 nec
1106 1363 1177 1424 iuu-

95 1477 202 1530 utatnm
222 1471 315 1532 etium
337 1472 569 1554 antiquioribus.

169 1576 272 1639 ldiice
285 1577 346 1657 his,
361 1601 439 1663 quae
453 1582 483 1642 io
497 1579 651 1642 Glossun'o
666 1599 701 1640 ex
716 1579 847 1662 Apuleio
862 1578 976 1642 contuli
991 1576 1028 1640 od
1050 1575 1177 1660 Septim.

97 1679 133 1739 ll.
153 1705 179 1749 ι.
200 1685 320 1768 alequid
341 1687 416 1746 milti
434 1699 631 1770 perseverut3
666 1687 707 1747 ll.
735 1707 781 1769 ¹9·
806 1687 937 1747 eundem
964 1689 1070 1751 aetatu
1091 1699 1178 1773 atque

98 1787 222 1852 alimonii
249 1813 334 1868 esse3
384 1793 428 1856 li.
450 1795 505 1856 51.
525 1815 625 1876 genua
644 1796 831 1875 contingere3
861 1795 916 1855 lV.
944 1795 991 1856 16.
1022 1795 1110 1876 longo
1127 1796 1179 1856 to·-

96 1917 158 1958 neoe
178 1903 281 1962 muros.
308 1913 338 1963 et
358 1900 417 1964 ulis
443 1887 605 1987 permulto.
649 1904 685 1964 lu
715 1905 821 1987 primis
845 1906 1023 1988 respicietur
1043 1923 1098 1964 oro
1117 1902 1179 1964 l're·
1211 1923 1214 1936 ·

95 2009 295 2084 quentissimus
320 2009 452 2090 Apuleio
484 2021 515 2070 et
544 2011 691 2092 Septimio
713 2030 784 2071 usus
805 2010 968 2072 verborum
993 2013 1178 2094 composito-

96 2133 154 2174 rum
173 2116 333 2200 deprecari
358 2125 399 2196 (v.
420 2116 521 2179 Gloss.
545 2116 584 2178 nd
612 2117 653 2179 ΙΙ.
676 2117 737 2196 6.),
761 2116 870 2204 deflere
890 2117 939 2193 (nd
963 2119 1019 2180 111.
1037 2121 1100 2204 9.),
1126 2119 1180 2179 de·

96 2223 188 2284 ηιώιη
216 2223 265 2303 lad
288 2225 313 2284 Ι.
336 2231 394 2302 n),
426 2227 579 2310 pertulere
606 2225 655 2300 (ud
681 2225 736 2286 Ν.
764 2227 837 2304 ιδ.),
864 2229 1030 2310 persentire
1057 2238 1087 2288 et
1104 2247 1180 2311 per·

96 2331 235 2390 sentiscere
254 2337 330 2404 (not.
353 2351 396 2394 er.
420 2331 458 2392 ud
482 2332 539 2392 ΙΙΙ.
565 2331 639 2406 asu.
663 2353 718 2413 pro
739 2333 925 2415 simplicibus
949 2335 1083 2416 procuri,
1106 2331 1179 2394 llere

96 2447 143 2500 oet
189 2437 330 2520 Uterque
358 2439 482 2500 adhibet
504 2441 631 2500 uetitum
659 2461 715 2522 pro
737 2461 838 2524 egere.
865 2459 892 2501 ν.
914 2441 1011 2502 Gloss.
1034 2440 1073 2502 ud
1094 2441 1134 2508 V.
1154 2463 1178 2505 ι.

96 2541 153 2602 Nou
179 2545 298 2607 minimi
320 2549 491 2629 argumenti
514 2557 559 2608 est
587 2549 757 2608 communis
779 2548 902 2629 utrique
924 2548 1064 2630 scriptori
1085 2549 1180 2617 Geni·

97 2655 164 2712 tirus
185 2651 277 2716 Istus·
295 2675 352 2736 pro
372 2653 495 2728 Ulixis,
528 2652 649 2737 Ulyssis
670 2652 807 2734 (Vidad
823 2653 864 2712 V.
884 2651 949 2730 6.);
982 2663 1075 2736 utque
1098 2642 1179 2715 'uda-

99 2769 183 2822 motue
194 2765 336 2844 autiquae
348 2761 464 2822 formae
482 2761 588 2835 Graii,
612 2759 738 2834 Divelm,
756 2761 856 2844 qroeu3
876 2758 1056 2842 singulaque
1070 2759 1180 2841 multo,

99 2863 253 2950 dequibus
278 2871 311 2929 iu
334 2866 432 2930 Gloss
457 2886 633 2933 monemus.

169 2973 302 3037 Multum
322 2973 446 3057 quidem
467 2976 499 3035 iu
519 2975 695 3035 uuiversum
718 2969 840 3052 Apuleii
861 2981 892 3032 et
907 2969 1045 3055 Septimii
1063 2973 1179 3038 discre-

98 3099 160 3159 pare
180 3081 299 3145 dioendi
321 3103 437 3143 morem
458 3081 536 3147 bme
558 3082 642 3156 scio,
665 3079 842 3162 studuitque
864 3091 967 3141 noster
989 3101 1041 3142 eus
1061 3099 1178 3145 sermo-

98 3191 138 3249 nis
157 3193 362 3274 proprietates,
382 3209 461 3272 quoe
482 3201 554 3249 suut
570 3188 702 3270 Apuleio
721 3190 753 3248 in
775 3187 882 3270 primis
903 3188 1065 3250 lumiliores
1080 3198 1112 3250 et
1125 3209 1179 3270 pe·
1234 3217 1250 3234 ·

98 3295 233 3374 culinres,
254 3309 344 3360 eunte
363 3295 537 3372 declinere3
567 3315 676 3356 verum
710 3297 890 3376 impressum
917 3293 962 3355 illi
983 3291 1075 3356 aetati
1094 3296 1179 3378 inge·

98 3405 173 3466 nium
193 3427 226 3468 ex
247 3417 313 3467 toto
333 3403 475 3464 decutere
496 3403 624 3484 nequiit.
666 3399 772 3482 Neque
791 3409 836 3460 est
855 3398 915 3461 olio
936 3412 1017 3462 uetus
1041 3399 1181 3484 aliusque

100 3515 236 3595 scriptor,
267 3513 317 3573 cui
339 3511 477 3594 Septimii
500 3505 616 3568 indoles
635 3511 730 3589 mogis
750 3509 789 3567 sit
807 3527 953 3588 congruo,
976 3529 1068 3590 quum
1090 3508 1181 3592 Apu·
1208 3560 1216 3573 .

100 3615 148 3680 leiu
167 3621 290 3704 citusque
317 3619 427 3682 seculo.
481 3617 658 3679 Sallustium
679 3616 759 3675 enim
781 3613 919 3675 imitandi
934 3615 1082 3690 studium,
1098 3617 1181 3698 quod

100 3731 243 3806 pmuultls
274 3727 380 3789 iustini
415 3727 571 3808 magisque
596 3722 688 3784 Gellii
707 3719 803 3797 locis,
835 3719 972 3784 eiusdem
991 3723 1084 3786 seculi
1106 3727 1181 3785 seri·
1237 3708 1242 3720 ¹

102 3845 231 3912 porum,
250 3832 518 3916 deprehendimus,
540 3831 680 3891 eximium
705 3825 802 3889 elucet
823 3829 856 3888 in
880 3828 1020 3910 Apuleio,
1043 3831 1096 3912 qui
1112 3833 1181 3914 qui-

103 3935 160 4002 dem
186 3953 220 4002 ut
246 3937 383 4004 Sallustii
403 3916 541 4000 aemulus
567 3939 640 3997 satis
664 3936 816 3997 innotuit:
847 3946 961 4018 utque,
983 3935 1065 4017 quud
1086 3943 1181 4022 nugis

104 4043 144 4106 hie
168 4047 391 4131 reputandum,
421 4051 471 4108 vix
501 4047 603 4128 eliqua
632 4054 731 4104 aetate
759 4055 823 4106 tem
845 4043 954 4104 ardens
980 4047 1100 4107 incessit
1122 4045 1180 4108 lin·

105 4171 181 4230 mem
200 4157 341 4217 Latinam
364 4153 498 4216 novandi
520 4151 679 4228 studium,
713 4149 900 4232 invaluitque
928 4149 977 4212 vul
1006 4153 1122 4216 exoleto
1149 4167 1180 4217 et

106 4279 133 4320 n
152 4283 234 4326 testu
256 4273 405 4326 vetustate
422 4259 512 4323 libate
522 4305 534 4336 ,
566 4257 614 4322 vul
637 4260 729 4354 etium
753 4277 832 4320 unta
857 4255 951 4320 verba
971 4257 1180 4350 formulasque
