2698 4688
265 351 401 402 mam
687 347 934 402 tumonucrro.

262 561 435 602 sermonem
458 539 613 620 impurum
634 535 735 616 luisse,
758 533 925 600 clarissimo
949 549 1129 623 argumento
1148 551 1197 602 est
1218 561 1275 623 exp

263 645 406 713 Malelae.
447 643 661 728 Reputandum
681 645 794 724 stiam,
822 648 981 729 scriptores
1001 650 1178 731 posterioris
1201 647 1275 710 latin

242 769 386 835 omnes,
406 755 562 838 inprimis
583 757 735 838 vergentis
757 755 882 818 secundi
902 755 1014 831 seculi,
1046 779 1127 821 nova
1157 768 1189 820 et
1224 753 1275 820 ina'

263 865 418 926 continere
431 862 540 940 multa,
561 883 692 946 quorum
712 867 824 946 partim
846 865 958 928 lrustra
979 887 1106 950 qrmeras
1128 866 1275 949 exempla,

261 974 463 1054 suspicionem
494 971 583 1054 longe
610 973 738 1033 iunioris
765 969 924 1034 latinitatis
951 984 1104 1040 moveant.
1153 973 1259 1058 Atque

260 1081 374 1162 partim
403 1077 555 1140 barbariei
585 1077 697 1158 seculi,
730 1099 809 1162 quae
838 1079 870 1140 in
900 1099 1032 1162 pravum
1054 1079 1257 1156 abstraxerit,

261 1187 436 1260 tribuenda,
459 1187 569 1270 partim
589 1197 621 1247 ct
640 1185 803 1269 praecipue
826 1205 861 1246 ex
881 1183 1021 1268 Septimii
1040 1186 1167 1249 arbitrio
1189 1197 1220 1247 et
1242 1189 1275 1248 in

260 1294 330 1356 dica
353 1292 474 1354 licentia
504 1291 639 1376 prolecta
660 1302 751 1366 sunt,
784 1311 819 1352 ex
841 1291 889 1354 liis
909 1291 949 1352 ad
973 1289 1068 1352 ullam
1091 1291 1248 1356 latinitatis
1272 1317 1275 1356 t

259 1413 322 1464 tem
342 1401 457 1464 frustra
475 1400 658 1476 concludas,
683 1404 795 1483 quippe
815 1421 895 1482 quae
917 1400 957 1460 ab
979 1400 1122 1462 omnibus
1144 1404 1237 1464 etiam
1257 1427 1275 1486 p

260 1515 319 1572 mis
343 1511 491 1572 aetatibus
520 1508 698 1594 plerumque
728 1509 790 1570 sint
821 1507 920 1569 aliena
951 1519 982 1570 et
1012 1529 1135 1590 prorsus
1167 1511 1275 1594 singuli

260 1635 400 1699 quaeque
429 1613 506 1676 nihil
534 1617 730 1694 contineant,
761 1612 844 1698 quod
875 1635 937 1675 non
966 1622 1060 1697 possit
1083 1639 1146 1681 esse
1166 1632 1272 1702 partus

257 1724 352 1786 randi
371 1725 473 1808 cupidi
493 1735 524 1786 et
542 1745 630 1787 suam
650 1733 778 1785 aetatem
798 1723 931 1785 tenebris
954 1723 1110 1788 involvere
1131 1727 1258 1790 studiosi

256 1833 366 1916 ptos-is,
386 1836 441 1916 qui
460 1833 594 1896 secundo
615 1833 716 1895 seculo
737 1841 863 1894 exeunte
887 1831 972 1898 vixit.

342 1941 407 2003 lam
426 1942 522 2024 igitur
541 1936 754 2016 insolentium,
778 1941 991 2002 inusitatorum
1009 1963 1232 2028 novarumque,
1254 1967 1275 2007 n

257 2067 328 2114 tum
349 2061 380 2111 et
409 2053 607 2132 pessimarum
630 2048 788 2132 phrasium
812 2047 1056 2133 verborumque,
1081 2051 1193 2136 quibus
1212 2053 1275 2138 Sept

256 2160 424 2220 orationem
448 2158 601 2242 inquinari
622 2177 710 2240 saepe
732 2155 814 2220 clara
833 2178 908 2220 voce
928 2156 1109 2239 clamitatur,
1132 2164 1248 2224 omissis
1269 2183 1275 2224 1

254 2269 308 2345 tis,
330 2288 408 2352 quac
424 2269 536 2330 iniusta
554 2267 712 2328 manifesto
729 2266 843 2350 probra
861 2287 1001 2350 perpessa
1020 2279 1103 2348 sunt,
1125 2270 1228 2332 multis
1242 2277 1275 2332 eti

256 2397 335 2460 quae
354 2376 493 2440 licentiae
518 2387 550 2440 et
572 2373 679 2438 aullaci
704 2377 885 2456 imitationi,
919 2387 1108 2440 nouantem
1133 2390 1216 2442 certo
1245 2401 1275 2444 ss

252 2494 325 2546 sunt
344 2485 555 2565 adscribenda,
576 2497 721 2570 sequatur
744 2487 879 2551 delectus
908 2500 939 2551 et
961 2509 1078 2552 census.

338 2593 408 2661 Lib.
433 2594 460 2660 1.
479 2593 512 2675 4.
540 2595 699 2658 abstractio
721 2599 874 2679 coniugis,
912 2618 967 2679 pro
995 2608 1093 2682 raptu.
1144 2597 1275 2660 Consimi

254 2700 352 2763 Dares
382 2723 409 2767 o.
434 2699 465 2782 4.
486 2700 624 2764 mutem
646 2701 798 2765 Hesionae
816 2703 864 2778 (of.
881 2704 996 2787 Sulpic.
1018 2707 1122 2771 Sever.
1146 2707 1183 2776 Η,
1198 2709 1229 2770 8.
1245 2709 1270 2775 l.

254 2813 309 2890 5.),
341 2813 468 2895 Septim.
493 2811 537 2880 ll.
562 2813 612 2880 38.
629 2815 789 2898 productio
813 2815 973 2880 exercitus.
1016 2814 1111 2876 Facta
1131 2837 1148 2876 a
1169 2817 1275 2900 posteri

252 2919 311 2984 bus
331 2925 458 2984 nomina
477 2921 516 2984 ab
537 2925 655 2985 usitatis
672 2924 774 2986 verbis
793 2925 975 3002 abstrahere,
995 2924 1275 3010 abuteremini

336 3026 408 3086 Lib.
443 3027 470 3088 1.
491 3047 544 3089 αι.
576 3027 747 3111 confusione
778 3029 863 3090 aeris
897 3043 1030 3114 ereptum
1057 3033 1166 3096 lamecu.
1218 3035 1275 3097 Por

253 3131 385 3214 imagine
411 3134 544 3208 confusio
567 3135 649 3194 ai‘ris
680 3134 791 3196 dicitur
821 3134 860 3196 de
892 3137 990 3216 coelo,
1023 3143 1162 3219 tonitru,
1192 3144 1275 3206 nubil

252 3238 402 3303 imbribus
422 3238 547 3300 turbato
567 3260 604 3300 ac
626 3237 757 3306 foedato.
798 3242 903 3303 Verbo
923 3246 1103 3326 confundens
1123 3249 1155 3307 in
1173 3247 1275 3312 hunos

247 3370 304 3412 um
325 3353 457 3411 utuntur
479 3348 596 3410 Statius
608 3348 712 3411 Tbeb.
725 3349 765 3412 V.
778 3349 828 3432 42.
846 3353 994 3440 Olympus
1013 3357 1161 3437 corfiutu.
1184 3355 1275 3420 Arum

249 3455 419 3520 Marcellin.
444 3457 602 3540 xv11.7.
625 3463 754 3520 concreti
774 3461 894 3522 nichium
922 3463 1005 3546 globi
1022 3463 1136 3525 laetam
1156 3465 1275 3549 paulos

246 3567 326 3632 coeli
347 3568 473 3651 speciem
499 3567 709 3646 consrrdcnuzt.
759 3569 905 3632 Boethius
932 3571 1089 3636 Consolnt.
1114 3571 1167 3634 lib.
1186 3571 1224 3637 11.
1249 3575 1275 3636 P

246 3675 289 3742 ll.
320 3688 419 3736 terrae
450 3677 566 3737 uultum
594 3698 671 3738 moto
691 3674 825 3763 floribus
843 3679 1046 3764 stugibrrsque
1068 3679 1228 3756 redimus,
1260 3705 1275 3746 a

243 3768 355 3847 nimbis
360 3784 591 3868 frigoribusque
606 3785 797 3866 coufundere.
838 3788 959 3850 Laudat
976 3790 1116 3874 Septimii
1131 3787 1229 3851 locum
1241 3789 1275 3850 W

243 3915 312 3958 scus
333 3893 373 3956 ad
387 3891 460 3954 Sall.
475 3893 539 3976 lug.
555 3892 629 3973 45„
650 3895 703 3956 sed
723 3893 872 3980 exempla,
893 3899 1077 3982 quibuscum
1097 3912 1233 3964 nostrum
1249 3923 1275 3964 o<

244 4005 349 4087 ponit,
375 4023 483 4086 parum
512 4002 573 4064 huc
593 4003 720 4065 faciunt.
762 4005 908 4068 Eiusdem
930 4029 1035 4071 sensus
1055 4020 1086 4072 et
1108 4031 1201 4094 aeque
1218 4033 1275 4094 poe*

244 4109 365 4194 phrasis
393 4122 439 4174 est
461 4097 554 4172 motus
579 4112 657 4172 cosli
674 4110 714 4172 ad
738 4113 828 4174 linem
849 4115 983 4178 eiusdem
1010 4117 1092 4202 Sept.
1117 4119 1240 4202 capitis3
1271 4143 1275 4178 i

245 4215 370 4282 notione
396 4215 523 4280 obvium
551 4227 597 4280 est
624 4223 743 4283 nrovert'
767 4233 796 4282 et
820 4223 945 4289 nu'soeri.
967 4223 1018 4294 Cl.
1041 4227 1162 4290 Lucrot.
1186 4227 1237 4295 lV.
1262 4247 1271 4290 ι
