2698 4688
489 353 734 405 tumultuario.

81 569 122 619 ter
136 556 336 640 praesentinus
357 575 465 641 regum
480 559 672 621 Graecorum
686 551 780 638 iopes}
794 557 935 640 Europae
959 556 1108 620 incideret
1119 559 1156 638 ;“

86 677 111 724 et
125 673 320 748 perrexerat:
335 683 467 739 „omues
489 663 569 726 illius
580 663 696 747 posteri
716 666 799 725 circa
811 683 896 746 reges
911 664 1062 725 Graeciae
1080 683 1155 726 coa·

86 776 185 857 gregati
203 784 296 852 suut,
319 774 494 856 festumque
515 773 705 854 inceperunt,
731 771 813 854 quod
834 793 922 834 ruore
941 770 1044 854 patrio
1065 781 1156 852 quot·

89 884 161 944 aunis
179 881 335 966 splendide
350 879 503 944 celebrari
526 881 652 957 solebat,
676 889 709 944 et
729 880 788 942 boc
808 901 891 942 anno
910 899 947 942 co
967 877 1156 961 splendidius

87 991 229 1070 egebatur,
253 992 326 1073 quia
337 992 487 1053 Graeciae
507 991 664 1074 principes
686 987 828 1050 aderant.
871 988 955 1050 lnter
976 987 1068 1050 buius
1087 987 1158 1052 festi

85 1099 233 1162 umatum
254 1100 381 1160 nuntius
400 1101 505 1178 venit,
532 1099 682 1160 Helenam
706 1119 725 1158 a
742 1095 856 1159 Paride
877 1107 1014 1178 mptum,
1044 1093 1158 1179 quibua

85 1205 198 1289 arguitis
210 1205 369 1268 Menelaus
386 1207 507 1268 Cretam
524 1204 685 1288 reliquit.“
704 1203 917 1279 Uberrimem,
939 1215 975 1265 ut
993 1203 1078 1264 credi
1098 1225 1158 1286 par

83 1323 131 1390 est,
141 1311 176 1374 de
186 1313 243 1375 boc
261 1313 338 1374 lesto
349 1313 467 1396 Dietyis
482 1315 650 1373 orationem
660 1319 829 1372 sectatores
841 1309 986 1372 videntur
1008 1315 1157 1396 respexis-

83 1437 116 1492 se,
132 1419 263 1503 neglecta
274 1417 480 1480 hereditatum
495 1417 653 1492 divisione,
669 1417 773 1499 paucis
784 1416 861 1478 forte
875 1415 1014 1479 absoluta
1025 1438 1035 1479 e
1047 1410 1158 1503 ἑορτήν

83 1525 205 1608 Europae
219 1545 342 1587 carosam
356 1523 488 1587 Menelai
503 1525 570 1586 viae
580 1521 746 1585 habuerint
759 1543 886 1606 eamque
900 1521 1072 1593 retulerint.
1095 1525 1157 1588 Sed

85 1635 276 1694 coniectorum
294 1636 477 1717 pronuntio.
508 1633 640 1703 Possunt
655 1627 849 1694 Ptolemaeus
869 1642 902 1694 et
921 1629 1047 1694 Malelas
1063 1633 1156 1714 (bunc

86 1737 226 1800 Cedrenm
245 1749 279 1801 ct
298 1741 424 1804 Tretzes
442 1760 552 1823 saepe,
575 1738 659 1800 baud
680 1739 873 1821 inspicientes
894 1740 994 1821 ipsum
1014 1739 1154 1824 Dictys,

82 1849 160 1908 secuti
182 1847 264 1924 arnt)
274 1849 367 1906 etiam
390 1845 485 1908 alium
505 1843 580 1906 mihi
601 1847 739 1928 ignotum
757 1841 874 1906 loatem
893 1843 1048 1925 babuisse,
1071 1847 1157 1929 quod

81 1951 115 2012 ob
135 1951 296 2014 Ptolemaei
328 1952 534 2014 testimonium
565 1949 650 2012 haud
680 1949 833 2012 obstinate
865 1953 1050 2034 negaverim.
1098 1954 1155 2019 sin

82 2061 202 2121 manavit
224 2059 302 2120 alius
323 2059 410 2137 sons,
446 2057 583 2119 manavit
605 2077 641 2117 ex
661 2053 824 2131 historico,
847 2058 901 2140 qui
922 2057 1063 2142 Europae
1082 2083 1155 2128 cunr

81 2163 208 2244 pluribus
230 2166 344 2228 Cretae
365 2165 458 2246 locis,
480 2177 546 2226 nrm
569 2164 729 2248 praecipue
749 2165 906 2247 Gor-tynae
925 2187 961 2228 ex
978 2171 1154 2254 antiquissi-

82 2273 129 2330 nis
146 2271 214 2333 inde
240 2273 431 2354 temporibus
461 2269 562 2333 cadiae
593 2269 798 2354 testarumque
816 2269 859 2331 ibi
883 2271 1001 2335 dierum
1022 2277 1051 2338 ei
1072 2277 1154 2342 celc-

81 2377 226 2442 lrrtorum
245 2381 324 2456 (rid.
346 2378 491 2444 Welcler
512 2381 602 2441 Kret.
627 2375 741 2440 Kolou.
765 2380 797 2438 in
816 2379 919 2442 Theb.
940 2401 971 2466 p.
989 2385 1060 2468 ssq.
1074 2405 1152 2470 9sq.

80 2495 108 2544 et
124 2490 236 2568 passim)
256 2486 454 2547 fundamento
475 2485 609 2546 ceteram
630 2483 763 2546 fabulam
781 2490 1028 2568 superstruxerit.

149 2593 274 2656 &utun
290 2593 475 2655 narrationis
490 2592 529 2654 de
544 2595 734 2654 Graecorum
747 2611 819 2652 curu
829 2591 970 2654 Troianis
980 2605 1065 2676 pacta
1077 2619 1153 2679 paee

81 2699 163 2770 (ilict.
175 2701 226 2764 lrb.
235 2702 287 2780 V.)
308 2703 340 2762 in
365 2703 536 2784 antiquiore
559 2700 711 2782 scriptore
735 2719 800 2760 esse
821 2698 1032 2776 reconditum,
1067 2701 1151 2765 baud

82 2805 220 2886 dillitcor3
239 2809 290 2870 scd
304 2809 422 2892 Dictyis
444 2809 508 2868 lissa
520 2807 684 2889 descriptio
698 2805 831 2866 moverit
841 2805 972 2866 Dionem
988 2807 1149 2892 chrysost.

82 2913 115 2974 de
134 2913 186 2974 llso
204 2935 262 2976 oon
283 2925 374 2997 capto
394 2937 424 2997 p.
441 2915 500 2978 553
516 2935 582 2996 sqq.
605 2911 677 2980 Vol.
697 2911 724 2973 Ι.
746 2911 874 2988 aaut„
897 2913 1073 2976 mendacem
1093 2937 1150 3000 pa-

82 3021 144 3080 riter
162 3041 260 3082 raum
281 3022 466 3083 Troicarurn
487 3023 688 3102 scriptorem,
717 3027 753 3078 ut
772 3039 868 3101 acque
891 3021 1008 3103 copiose
1028 3045 1093 3084 rem
1115 3026 1149 3088 in

81 3131 244 3191 cootmriarn
273 3139 390 3210 partem
409 3127 581 3210 expediret,
611 3145 646 3186 ac
667 3134 831 3186 narrcrctr
855 3126 1005 3190 Troianos
1022 3129 1150 3197 deuictis

80 3231 187 3294 Gnosis
208 3255 317 3318 pacem
337 3234 508 3316 petentibus
527 3234 723 3306 mocessisse,
747 3253 782 3292 ca
803 3231 995 3311 conditione,
1019 3249 1056 3298 ut
1074 3239 1148 3302 belli

11 3351 12 3404 ;
82 3349 197 3401 summm
219 3341 292 3424 ipsis
312 3343 527 3420 restituerent;
547 3341 679 3400 Graecos
697 3349 800 3400 autem
821 3338 983 3404 solvendae
1002 3349 1149 3426 pecuniae

11 3425 12 3440 ¹
82 3443 207 3526 impares,
230 3447 322 3506 Ulixe
336 3445 490 3524 suadente,
512 3443 671 3529 reliquisse
684 3445 827 3506 'troianis
849 3447 1011 3510 anathema
1029 3453 1147 3516 Miner-

11 3615 12 3618 ,
82 3567 147 3628 rae,
180 3553 357 3634 inscriptum
384 3549 582 3633 Ἱλαστήριον
606 3545 732 3630 Ἀχαιοὶ
757 3551 796 3634 τῇ
815 3545 940 3631 Ἰλιάδι,
971 3567 1006 3616 ut
1023 3559 1146 3644 signnm

80 3667 143 3716 eset
154 3659 354 3720 Troianorum
371 3658 540 3721 victoriae:
565 3669 658 3743 atque
677 3659 720 3722 ita
740 3679 846 3742 pacem
864 3663 1077 3748 amicitiaeque
1097 3671 1148 3730 in-

81 3771 117 3821 ῑιτ
144 3775 305 3850 utrumque
334 3767 481 3850 populum
510 3768 616 3830 foedus
650 3781 783 3852 pactum.
824 3766 886 3830 Sed
905 3770 982 3832 nibil
1003 3773 1145 3856 affirm03

11 3875 12 3890 ¹
82 3866 158 3948 ipsius
185 3879 267 3936 eninr
290 3876 396 3937 Dionis
413 3877 561 3938 sententia
580 3922 590 3954 ,
611 3877 781 3938 Homerum
800 3879 945 3942 audacius
965 3881 1067 3942 omnia
1088 3885 1146 3948 fiu-

81 3977 159 4058 usse,
186 3985 258 4064 quia
286 3981 362 4044 nulli
388 3983 516 4044 fuissent
537 3983 588 4044 alii
612 3995 718 4062 poetae
737 3996 790 4046 aut
806 3984 961 4066 historici,
992 3991 1146 4072 aquibus

80 4101 118 4142 res
136 4086 257 4149 Troioee
275 4099 503 4170 narrarentur,
523 4089 584 4152 'sed
604 4093 702 4173 ipsum
731 4093 866 4175 primum
887 4117 1064 4178 aggressum
1080 4121 1146 4165 esse

80 4188 112 4250 de
127 4193 180 4257 illis
209 4199 363 4272 scribere,
394 4210 575 4282 argumento
595 4221 658 4262 esse
679 4201 823 4284 videtur,
846 4203 924 4266 nibil
944 4205 1075 4270 Dionem
1090 4223 1145 4272 aut
