2766 4690
195 357 268 469 3'98
500 413 771 467 osseuvarronns
796 413 833 466 m
860 415 923 463 nm.
952 415 974 462 r.

196 601 353 688 Hyginum
392 605 557 666 mittuntur
585 597 692 666 Ulixes
733 623 803 666 cum
832 597 1001 680 Diomede,
1030 609 1068 662 ut
1099 600 1298 686 Iphigeniam

194 705 339 788 Mycenis
362 703 561 766 abducerent.
591 738 631 752 -
653 725 781 785 quarem
808 703 970 787 sententiis)
1010 703 1090 764 Ante
1110 701 1217 766 oculos
1237 704 1298 766 laa-

195 803 391 886 buitEurip.
423 805 493 887 lplr.
525 801 596 866 Aul.
626 804 678 888 98.
703 805 775 867 562.
813 841 853 856 --
874 823 956 890 quac
976 803 1092 888 nuptiis
1118 807 1197 887 usuc)
1239 805 1295 866 Cf.

194 901 307 986 Eurip.
330 903 397 986 lph.
422 903 492 964 Aul.
520 903 596 966 611.

248 1052 254 1066 a
283 1003 375 1066 Ulixi
402 1003 575 1084 committit)
618 1002 743 1064 Ulixem
766 1023 832 1064 cam
854 1003 991 1088 Mycenis
1007 1001 1150 1064 Aulidem
1170 1001 1298 1066 duxisse

195 1115 322 1164 narrant
342 1105 431 1165 etiam
457 1103 606 1184 Hyginus,
632 1113 664 1165 ct
685 1104 811 1166 Servius
831 1103 869 1164 ad
891 1104 968 1163 Aen.
991 1103 1033 1164 lt.
1059 1103 1127 1164 116.
1171 1105 1296 1165 Secun-

195 1203 400 1286 dumEurip.
423 1202 674 1289 Ipl1.Aul.417.
697 1205 771 1267 621.
794 1225 861 1265 eam
895 1203 1054 1266 adducunt
1085 1206 1152 1286 ipse
1184 1206 1297 1288 Clyte-

195 1313 328 1364 mncstra
351 1313 383 1363 et
401 1301 480 1364 fitius
502 1304 638 1365 Orestes.

265 1403 384 1484 figam
396 1405 507 1487 parat)
550 1401 615 1464 Ubi
634 1399 769 1486 puellam
788 1404 820 1464 io
842 1422 948 1464 nemus
968 1402 1007 1464 ed
1022 1402 1147 1466 caedem
1166 1415 1296 1468 mantem

197 1501 294 1580 vidit,
326 1501 431 1563 dolore
462 1513 623 1586 correptus
643 1505 814 1586 ingemuit,
836 1513 867 1564 et
888 1511 972 1564 retro
992 1511 1116 1564 vertens
1133 1515 1231 1586 capnt
1250 1506 1295 1566 la·

196 1605 307 1666 crimes
329 1603 429 1684 fudit,
450 1613 534 1666 veste
557 1601 651 1664 oculis
681 1605 830 1685 opposita.
850 1609 856 1622 ¹
874 1603 983 1685 Eurip.
1006 1603 1077 1686 lph.
1100 1602 1170 1664 Aul.
1197 1603 1293 1686 15⁴7·

198 1701 318 1766 Acerhe
337 1725 408 1764 eum
431 1702 567 1783 flevisse,
588 1723 659 1764 cum
678 1702 776 1764 filiani
796 1701 938 1784 videret,
967 1703 1041 1764 dicit
1061 1701 1199 1764 Malelas.
1246 1705 1295 1765 De

196 1801 267 1886 iuga
288 1801 366 1864 nihil
386 1803 521 1866 invenio.

278 1903 364 1963 xxi.
405 1903 473 1964 dies
482 1901 618 1981 focdari
642 1903 806 1964 eteoclem
825 1901 927 1964 nubilo
948 1899 1026 1987 tegi)
1065 1901 1165 1964 Nemo
1178 1903 1293 1986 Dictye

196 2003 352 2086 antiquior
378 2009 426 2066 tot
454 2004 561 2066 verbis
581 2002 763 2063 miraculum
782 2013 886 2086 auget.
936 2003 1077 2065 Breviter
1097 2003 1189 2064 ovid.
1211 2005 1290 2066 Met.

196 2105 266 2166 xtt.
287 2104 341 2164 52.
363 2101 527 2185 nubemque
555 2103 649 2164 oculis
668 2103 783 2164 adiecit.
837 2103 952 2186 Hygia.
975 2102 1168 2192 983D1'ana
1195 2106 1290 2166 calli-

193 2205 297 2288 ginem
320 2203 364 2263 cir
381 2201 498 2264 obrecit.
523 2202 638 2263 Mirum
653 2204 685 2262 iu
706 2201 831 2263 modum
844 2207 1029 2266 recentiores
1050 2203 1082 2264 in
1106 2201 1208 2265 sabula
1231 2226 1291 2266 no-

195 2304 241 2366 vis
262 2303 412 2386 figmentis
431 2303 606 2364 exornanda
643 2300 853 2370 elaborarunt.
906 2304 985 2364 Cum
1012 2304 1044 2364 in
1074 2323 1110 2364 eo
1132 2312 1233 2380 essct,
1256 2313 1290 2365 ut

195 2403 351 2486 iphigenia
371 2404 536 2478 feriretur,
561 2403 603 2464 ait
624 2401 751 2464 Henric.
775 2423 803 2463 c.
826 2403 877 2464 33.
904 2401 961 2464 fol.
984 2401 1035 2486 57,
1067 2402 1170 2465 subito
1190 2403 1289 2466 nubes

195 2503 352 2567 descendit
385 2513 418 2566 et
447 2503 578 2578 nebule,
613 2513 646 2563 ut
667 2502 716 2564 ln's
744 2502 1006 2566 intercedentibus
1031 2505 1074 2581 is,
1094 2505 1144 2564 cui
1164 2506 1289 2590 virginis

196 2606 377 2668 mactandae
392 2627 504 2666 munus
524 2614 599 2680 erat,
623 2603 731 2665 videre
750 2624 818 2664 eam
838 2603 988 2686 nequiret.
1013 2603 1143 2666 Factum
1164 2603 1196 2666 id
1213 2607 1288 2690 ipsi·

196 2723 233 2766 us
250 2707 369 2768 Dianae
391 2703 598 2768 misericordie
622 2714 722 2765 motae
744 2705 895 2786 auspiciis.
973 2721 975 2726 ·

156 2841 158 2854 ·
280 2806 382 2871 xxti.
426 2805 563 2867 Achillas
585 2803 704 2866 litteras
725 2801 803 2885 cet.)
846 2803 929 2863 Haec
949 2801 1041 2864 elitcr
1062 2801 1288 2885 disposuitEu-

196 2901 330 2984 ripides3
352 2923 444 2984 quem
465 2915 547 2964 certe
567 2913 672 2964 noster
693 2903 734 2966 ob
748 2900 851 2965 oculos
870 2901 988 2975 habuit,
1012 2901 1065 2963 sed
1085 2900 1182 2968 noluit
1194 2903 1290 2986 sequi,

197 3015 233 3064 ut
253 3025 331 3064 nova
351 3003 484 3081 diceret,
507 3005 600 3066 etsie
620 3003 656 3064 iis
675 3004 788 3064 iaceret
809 3001 913 3065 iidem.
954 3003 1107 3064 Dicente.
1126 3004 1288 3088 Euripides

196 3103 256 3163 lta:
280 3103 358 3164 Cum
377 3100 598 3185 Clytcmnestra
628 3101 815 3184 iphigeniam
838 3101 1028 3178 adduxisset,
1049 3121 1122 3162 vera
1142 3125 1208 3165 csse
1226 3105 1289 3166 exi-

196 3203 341 3279 stimans,
359 3207 437 3282 quae
457 3203 664 3284 Agamemnon
687 3199 725 3261 de
746 3201 861 3284 nuptiis
886 3205 1065 3284 scripserat,
1085 3203 1219 3267 Achilles
1237 3206 1288 3266 ni-

194 3299 240 3361 hil
262 3323 293 3361 se
315 3301 372 3361 hac
392 3299 430 3360 dc
458 3300 590 3362 rescire
611 3297 708 3361 fassus
730 3309 795 3360 est:
817 3301 871 3361 ubi
898 3313 1000 3362 autem
1020 3301 1060 3363 de
1080 3303 1287 3367 immolatione

195 3398 327 3476 audivit,
353 3405 483 3462 'servare
514 3399 703 3482 Iphigeniam
731 3399 864 3479 studuit,
895 3401 1099 3485 omnibusque
1120 3401 1288 3468 reluctatus

195 3509 253 3562 est.
296 3503 437 3564 Attamen
460 3499 633 3562 necessitati
655 3519 723 3562 eum
747 3499 853 3562 cedere
873 3501 1024 3583 oportuit.

277 3605 425 3684 virginem
454 3600 615 3674 abstrahit)
666 3597 795 3660 Malelae
827 3621 859 3682 p.
886 3599 957 3662 123.
981 3601 1102 3664 diversa
1124 3601 1174 3666 hic
1194 3625 1212 3666 a
1232 3603 1288 3664 Di-

195 3711 264 3784 ctye
282 3703 417 3763 narratio
439 3711 504 3778 est3
527 3709 559 3761 et
578 3698 669 3760 aliter
696 3721 763 3760 rem
786 3710 895 3760 narrat
912 3711 976 3762 tota
994 3705 1170 3785 antiquitas.
1213 3705 1288 3768 Post

195 3802 381 3885 Cypriorum
403 3805 583 3888 scriptorem
604 3799 766 3882 Euripides
796 3801 839 3860 ita
861 3804 967 3863 canite
987 3803 1123 3866 Frustra
1145 3807 1286 3867 immola·

194 3902 270 3962 tioni
281 3923 344 3962 sese
356 3913 543 3984 opposuerat
554 3899 698 3964 Achilles.
708 3899 898 3962 Admovetur
909 3905 997 3984 virgo
1008 3923 1089 3964 araca
1101 3904 1285 3989 Talthybius

193 3999 347 4063 silentium
369 4003 513 4084 imperat.
541 4003 652 4064 Stricto
674 3999 775 4086 gladio
795 4023 865 4062 cum
883 4000 1020 4064 adstaret
1029 4001 1166 4086 Calchas,
1185 4007 1285 4070 subito

192 4099 374 4162 miraculum
400 4103 519 4167 visum:
543 4123 651 4163 sonum
681 4100 772 4186 gladii
799 4104 927 4185 quisque
947 4103 1110 4166 manifesto
1129 4105 1282 4178 audierat,

192 4197 246 4258 scd
265 4219 327 4279 quo
347 4201 438 4284 virgo
457 4206 643 4284 evanuisset,
665 4203 783 4264 viderat
804 4221 912 4264 nemo:
935 4221 1025 4266 cerva
1047 4205 1112 4266 eius
1131 4205 1200 4268 loco
1219 4205 1283 4290 pal-

192 4296 312 4379 pitabat
331 4299 363 4361 in
382 4310 486 4381 terra,
505 4303 636 4366 maxima
654 4303 745 4386 visu,
766 4305 853 4365 cuius
871 4307 1089 4387 sanguineam
1107 4305 1193 4368 Dese
1209 4325 1281 4366 con-
