2698 4688
481 369 707 423 ntetmtttto.
1056 372 1139 424 ml

61 549 129 616 doro
144 551 263 618 Priami
282 553 347 618 lilio
360 539 494 618 'Graecis
512 555 637 630 tradito,
660 578 753 641 quera
774 555 826 620 alii
846 558 984 642 plerique
1002 581 1059 644 per
1066 581 1140 623 ara-

61 655 151 716 ritiam
164 654 246 716 elem
264 675 284 716 a
297 654 528 738 Polymnestore
547 657 738 720 intefectum
760 658 932 740 perbibent,
954 661 1040 722 etde
1058 661 1144 722 Tea-

63 754 173 816 thrrnte
193 754 296 818 occiso
318 755 359 816 ab
379 757 486 830 Aiace,
508 767 539 818 et
558 755 691 820 abducta
709 761 775 820 eiras
794 757 857 820 tilia
877 758 1046 822 Termesso.
1093 759 1146 822 Ea·

65 857 135 914 enim
153 857 258 918 omnia
278 877 340 918 nou
364 855 493 919 blalelas
511 867 644 935 mutum,
666 857 719 920 sed
741 869 772 920 et
795 858 960 933 cedrenus,
983 881 1080 944 aeque
1106 881 1143 921 ac

64 951 235 1036 Septimius,
259 967 292 1018 et
311 957 418 1018 eodem
441 957 568 1037 ordine,
603 961 669 1020 ciue
689 956 753 1020 nlla
772 960 1066 1022 circumstantiarum
1087 981 1143 1024 ve·

65 1055 158 1116 rietrte
172 1057 264 1118 nobis
286 1056 497 1139 prodiderant.
538 1059 638 1120 Porro
668 1069 771 1120 antem
804 1059 968 1120 Hectorem
991 1081 1047 1142 per
1065 1062 1141 1122 iosi-

64 1153 120 1216 dias
135 1177 259 1218 mmm
281 1155 323 1217 ab
342 1155 477 1238 Achille,
498 1179 595 1240 quum
616 1157 739 1220 obviam
760 1158 967 1222 Penthesileae
986 1155 1141 1241 prodirotr

66 1273 152 1315 naum
172 1277 208 1317 ea
232 1254 318 1318 illius
338 1257 500 1320 comitibus
519 1269 695 1320 truncatum
716 1259 874 1337 manibus,
907 1261 1003 1320 etita
1030 1261 1141 1322 remis·

66 1374 124 1414 mm
143 1355 292 1434 Troiam,
325 1357 393 1418 istic
424 1377 459 1420 ra
486 1355 639 1422 intellecta
666 1359 781 1420 editum
801 1357 948 1420 eiulatum
966 1369 1031 1420 tam
1051 1357 1142 1420 rebe·

68 1466 209 1536 nemea,
241 1467 277 1518 ut
298 1459 390 1520 etiam
414 1479 486 1520 aves
509 1479 545 1518 er
567 1459 636 1520 stae
658 1459 851 1521 deeidcmote
889 1460 1045 1520 Priamum
1074 1481 1143 1520 uros
1212 1487 1218 1498 =

68 1575 127 1616 mn
146 1555 365 1620 Andromacha
378 1569 410 1619 et
428 1558 583 1642 Polyxena
602 1561 722 1620 venisse
743 1557 783 1622 ad
805 1557 980 1638 Achillem,
1012 1579 1145 1642 eumque

68 1676 166 1736 masc,
188 1668 228 1718 nt
250 1657 382 1721 cadaver
400 1659 540 1722 Hectoris
560 1660 617 1722 sihi
642 1659 801 1746 redderet,
835 1660 929 1722 immo
949 1658 1153 1724 obtulissem·

70 1767 127 1836 post
146 1759 344 1842 impetratam
367 1761 430 1820 'mrn
449 1759 581 1822 cadaver
600 1759 805 1844 Polyxenam,
829 1761 882 1822 sed
904 1781 995 1843 quam
1016 1757 1152 1823 dictale?

69 1857 103 1916 tit
122 1865 190 1920 tuac
212 1858 370 1922 Achillas
408 1860 631 1922 Penthesileam
655 1881 749 1940 vero,
770 1861 874 1924 audita
894 1883 968 1924 nece
990 1861 1143 1944 Hectoris,
1255 1907 1260 1912 -

70 1957 154 2020 redire
179 1959 309 2022 &mum
344 1957 496 2038 voluisse,
521 1962 575 2024 sed
603 1983 621 2023 a
646 1961 757 2024 Paride
776 1962 875 2024 multo
892 1983 968 2024 auro
990 1964 1144 2026 inductam

69 2059 210 2136 nmine,
231 2072 263 2121 et
284 2081 354 2122 mor
371 2065 529 2124 commissa
543 2081 659 2144 pugna,
685 2081 754 2124 cum
771 2065 866 2124 aciem
884 2065 949 2146 ipsa
961 2063 1141 2139 ordinasset,

71 2166 96 2214 et
111 2160 186 2220 inter
204 2161 322 2243 equite
341 2163 534 2234 constitisset,
556 2161 675 2223 lortitcr
694 2162 863 2237 dimicasse,
888 2164 940 2223 sed
962 2161 1002 2224 ab
1023 2162 1147 2226 Achille

71 2275 139 2338 equo
154 2259 322 2341 ddectarn,
351 2269 383 2322 ct
403 2241 540 2324 clinihus
565 2273 710 2339 tractam,
732 2265 861 2324 occisam
882 2261 1093 2346 obiectumque
1113 2265 1145 2324 in

71 2351 185 2420 matun
204 2359 444 2423 Scamandrum:
466 2362 597 2423 Graecos
619 2361 688 2422 dein
711 2357 871 2443 peremisse
892 2361 1004 2422 multos
1024 2383 1059 2424 ex
1088 2361 1158 2424 ht)-v

73 2455 176 2535 ntus,
197 2469 230 2519 at
250 2459 458 2522 Amazonibus
473 2465 653 2542 pepercisse,
673 2461 810 2523 servituti
834 2461 1007 2524 destinatist
1029 2461 1148 2523 senisse

73 2569 164 2638 pastea
190 2563 386 2624 blemmoern
416 2582 517 2646 regem
540 2563 691 2626 Indorum
720 2583 790 2624 curn
825 2566 955 2623 maxima
985 2583 1077 2624 manu
1105 2562 1145 2624 ad

75 2661 209 2740 turpato
227 2662 352 2725 Priamo
372 2663 532 2726 larendass
565 2664 661 2725 victos
690 2662 731 2724 ab
756 2683 795 2724 eo
814 2663 948 2724 Graecos
974 2661 1014 2722 ad
1053 2683 1146 2724 nares

75 2759 215 2841 refugisse,
236 2783 314 2845 quas
333 2765 412 2845 ipsas
431 2763 498 2826 sola
516 2783 576 2824 nox
596 2763 812 2846 superveniens
829 2763 1029 2841 ‚erraveras
1064 2749 1160 2822 sorte‘

76 2855 138 2918 dein
158 2859 279 2923 ductam
300 2862 429 2924 Aiacem
449 2861 685 2936 Telamonium,
716 2863 768 2944 qni
798 2860 945 2943 postridie
963 2881 1032 2922 cum
1049 2863 1147 2922 lilcm-

77 2975 146 3020 ωηο
157 2972 323 3044 pugnaret:
347 2962 398 3025 bic
418 2983 492 3024 sero
513 2983 609 3045 quum
631 2962 677 3024 illi
698 2961 929 3035 succumberet,
951 2961 1045 3024 lados
1064 2963 1151 3024 iuva·

77 3058 137 3122 tine
155 3061 300 3143 Aiacem,
337 3061 390 3124 sed
411 3061 531 3123 interim
552 3061 702 3124 Achillem
723 3059 871 3122 nudatum
894 3061 1065 3124 Memnonis
1083 3062 1150 3124 col-

78 3157 131 3220 lam
149 3161 233 3227 basta
256 3167 407 3226 traiecisse
415 3208 429 3238 ,
456 3164 551 3226 etita
572 3183 642 3224 cum
664 3161 832 3225 occidisses
862 3182 931 3225 eum
960 3164 1058 3246 ipsum
1080 3164 1151 3228 dein
1201 3163 1206 3176 '

77 3265 170 3328 vicisse
190 3267 292 3330 durno
312 3266 472 3343 Troianos,
497 3275 529 3328 et
551 3275 654 3349 captos
682 3266 797 3327 Priami
820 3263 917 3341 filios,
961 3265 1099 3328 Troilum
1120 3278 1152 3330 et

80 3361 248 3446 Lycaonem,
269 3367 441 3450 iugulassez
475 3367 607 3451 denique
629 3387 724 3449 quum
744 3365 885 3428 induciae
905 3377 1004 3429 essent
1028 3379 1153 3451 prnptcr

80 3463 186 3528 nicam
204 3467 391 3551 'l'nymbraei
414 3467 582 3550 Apollinis,
610 3479 641 3530 ct
663 3467 703 3527 ab
725 3467 861 3548 utrisque
882 3485 965 3528 sacra
987 3465 1095 3528 fierent
1119 3468 1151 3528 in

80 3560 134 3624 tias
150 3565 217 3629 luco
236 3579 320 3630 extra
341 3565 446 3646 ilium,
467 3565 623 3628 Priamum
648 3567 762 3628 misisse
784 3566 906 3626 idaeum
936 3565 976 3626 ad
1002 3565 1154 3629 Achillem

81 3659 113 3722 de
130 3665 274 3750 Polyxena
296 3669 352 3752 ipsi
375 3667 613 3750 despondenda3
634 3667 788 3728 Achillem
810 3687 883 3729 cern
904 3669 1065 3752 separatim
1081 3690 1153 3731 cum

83 3759 158 3826 ldaeo
176 3766 373 3846 collocutum,
395 3767 489 3850 idque
508 3769 641 3844 Graecos
661 3768 784 3849 septus
805 3767 979 3850 accepisse:
1012 3789 1079 3830 mox
1102 3763 1153 3830 ac·

84 3865 185 3928 mine
204 3867 348 3930 Paridem
370 3877 401 3928 et
421 3865 628 3948 Deiphobum,
649 3887 782 3948 quornm
803 3864 855 3928 ille
876 3865 1041 3944 Achillem,
1062 3887 1155 3948 quem

85 3955 126 4022 hic
141 3985 193 4046 per
214 3967 344 4049 speciem
366 3967 515 4027 amicitiae
527 3965 698 4049 complexus
718 3963 842 4026 tenebat
849 3995 864 4042 ,=
883 3964 966 4047 apud
988 3985 1071 4026 aram
1089 3963 1155 4048 gla-

87 4058 127 4122 dio
143 4065 323 4130 conbderit:
353 4087 417 4149 quc
439 4066 517 4128 facto
537 4067 606 4128 illos
627 4065 687 4126 alia
707 4068 776 4138 via,
799 4085 890 4148 quam
912 4085 974 4147 qna
996 4077 1155 4134 venerem.

87 4155 143 4222 ilco
163 4187 306 4247 egressos,
327 4187 419 4227 cursu
438 4167 627 4227 contendisse
650 4163 762 4226 llinm:
794 4164 917 4224 Aiacem
940 4183 1013 4224 vero
1035 4165 1159 4229 Diome·

88 4259 145 4322 tm
164 4275 194 4326 et
220 4265 387 4350 Ulyssem,
416 4269 468 4352 qni
499 4275 582 4328 extra
610 4264 714 4326 lucum
742 4264 954 4347 exspectabam
987 4264 1151 4338 Achillem,
1259 4337 1263 4349 ,
