2698 4688
243 329 304 378 vlu
698 326 897 380 PRAEFATIOE

244 511 482 598 illustrandoqne
508 513 655 596 Septimio
684 533 792 596 opsloe
819 515 1040 598 praestiterim,
1063 515 1204 580 aliorum
1228 519 1260 581 id

244 630 408 728 iudicium,
431 633 456 692 si
477 633 530 712 qui
549 649 616 690 mea
636 628 710 692 haec
725 651 795 690 cum
808 633 945 713 priorum
960 631 1109 694 editorum
1128 634 1260 694 studiis¹

244 767 352 831 parare
371 765 480 828 operae
499 747 630 826 pretium
654 745 831 808 existiment.
874 746 1015 828 Ignoscas
1032 759 1137 808 autern
1154 769 1260 830 quaes*

247 861 349 924 iudicii
374 859 559 930 libertatern,
575 860 633 920 viri
661 861 794 938 iuvenis,
821 863 875 942 qui
894 862 943 922 vix
967 863 1071 943 primis
1093 861 1221 924 labellis
1242 864 1260 922 ll

245 975 395 1058 gustavit,
416 988 514 1053 neque
536 971 604 1034 vult
622 969 696 1034 alios
714 971 834 1050 docere,
854 975 1086 1058 sed'postquam
1106 959 1200 1036 suani
1220 997 1260 1038 sel

247 1091 319 1150 uam
347 1089 521 1170 proposuit,
552 1097 583 1149 et
608 1087 778 1150 rationibus
806 1087 967 1151 defendere
992 1112 1027 1152 ac
1047 1091 1184 1174 probare
1204 1103 1260 1154 stu

247 1203 287 1264 ab
308 1201 373 1265 aliis
392 1202 515 1264 meliora
536 1201 649 1266 doceri.
1065 1284 1068 1292 Ι

330 1317 473 1380 Formam
493 1327 528 1380 et·
545 1317 714 1382 institutum
735 1319 834 1402 operis
859 1322 902 1380 sic
923 1320 999 1382 mihi
1018 1307 1166 1401 definivi,
1199 1334 1260 1396 ut,

247 1439 279 1497 in
300 1433 439 1499 manibus
455 1433 512 1496 tibi
524 1445 579 1512 est,
600 1433 678 1496 liber
689 1445 903 1517 repraesentat.
945 1435 1114 1500 Praefando
1127 1437 1260 1520 disputa*

249 1553 357 1616 Graeci
383 1553 500 1640 Dictyis
532 1553 656 1635 eiusque
685 1551 791 1618 Latini
815 1553 988 1636 interpretis
1013 1554 1182 1618 aetatibus:
1215 1560 1246 1618 in

248 1668 455 1752 disquisitione
479 1665 594 1750 prolixe
622 1667 772 1752 agendum
798 1668 873 1730 nihi
901 1669 1082 1751 videbatur,
1099 1673 1186 1754 quia,
1208 1693 1260 1732 cur

249 1787 420 1850 fabularum
441 1789 560 1850 renone
573 1786 681 1850 Graeci
702 1786 820 1868 Dictyis
833 1796 913 1848 aetas
928 1797 1005 1850 esset
1023 1785 1205 1872 colligenda,
1230 1790 1260 1850 D

250 1923 373 1966 oacrum
393 1901 565 1964 fabulamur
585 1911 714 1978 natura,
741 1913 783 1981 et,
804 1921 873 1962 cum
888 1921 923 1962 ex
940 1900 1086 1964 latinitate
1099 1903 1260 1986 Septimiis

250 2030 327 2082 osset
346 2018 570 2097 constituenda,
591 2020 684 2080 totius
701 2015 857 2081 latinitatis
872 2018 989 2081 indoles
1003 2021 1178 2104 singiliatim
1190 2021 1260 2083 illus

216 2221 219 2226 Ι
249 2131 366 2196 debuit.
388 2169 429 2184 ·-
448 2133 608 2196 Subiectee
633 2143 690 2196 'sex
717 2113 853 2217 Septimii
885 2133 972 2196 libris
999 2145 1089 2198 notae
1108 2137 1260 2222 criticaet,

250 2247 450 2329 brevitatem,
469 2269 562 2333 quam
584 2251 776 2332 cupiveram,
798 2260 904 2312 naeme
921 2271 983 2312 non
998 2261 1088 2331 sunt,
1109 2253 1173 2314 eina
1187 2255 1260 2314 reio

251 2383 312 2425 oon
338 2365 416 2426 mihi
447 2375 493 2428 est
520 2363 700 2440 tribuenda,
735 2366 789 2427 aed
815 2375 1028 2448 corruptorum
1056 2365 1191 2428 loeorum
1210 2387 1260 2442 ma,

249 2479 437 2542 multitudini
464 2489 497 2542 ct
526 2481 726 2563 interpretum
746 2477 889 2546 audaciis.
911 2511 950 2527 -
972 2451 1156 2542 Glossarium
1174 2481 1260 2563 Septi]

249 2618 343 2673 num,
376 2595 460 2680 quod
486 2596 597 2680 egregii
623 2595 735 2658 Omllir'
751 2597 869 2658 monita
888 2593 1003 2672 adieci,
1038 2597 1233 2658 necessarium
1259 2619 1260 2656 ;

251 2714 350 2776 visum
370 2721 437 2788 est,
460 2721 496 2774 nt
514 2709 704 2776 ostenderem
724 2711 901 2794 Septimiaai
921 2711 1068 2774 ammonis
1087 2711 1249 2790 rationem,

251 2849 289 2890 ex
307 2830 464 2890 variarum
484 2825 641 2892 latinitatis
659 2839 791 2891 aetatum
813 2829 980 2888 imitatione
999 2836 1045 2887 est
1067 2829 1260 2910 compositus,

252 2943 387 3006 Sallustii
408 2945 584 3027 praesertim
604 2942 666 3006 stili
686 2941 888 3006 aemulatione
907 2943 1083 3026 priscaeque
1108 2944 1254 3004 latinitatis

252 3059 431 3135 nonnose,
453 3059 619 3140 permixtas
636 3058 839 3142 singularibus
858 3060 1091 3141 proprietatibus
1113 3059 1260 3120 immodici

252 3172 397 3256 loquendi
422 3171 562 3234 licentiis.
613 3173 647 3234 Si
673 3175 722 3234 cni
749 3177 848 3256 primo
870 3173 1015 3257 adspectu
1036 3175 1214 3238 Glossarium
1232 3177 1260 3238 ol

253 3289 405 3356 evolventi
428 3290 586 3372 copiosius
613 3310 678 3352 esse
707 3301 737 3351 et
765 3288 931 3352 mutarum
958 3294 1050 3354 etiam
1069 3304 1203 3354 notarum
1226 3314 1260 3354 re]

251 3403 336 3468 haud
355 3405 495 3488 exiguum
516 3403 629 3466 habere
649 3423 812 3466 numeram
825 3402 977 3485 videatur,
1000 3407 1029 3467 is
1041 3403 1170 3489 perlegat
1182 3407 1260 3488 integ

252 3519 385 3582 librans
418 3517 498 3603 legat
526 3509 641 3582 attente
660 3529 691 3580 et
711 3521 774 3581 sine
793 3515 858 3580 ullo
879 3519 1014 3601 partium
1032 3519 1148 3601 studio;
1174 3541 1260 3604 cogno

253 3637 354 3714 etiam,
375 3657 431 3698 nec
444 3655 581 3720 anquam
596 3635 698 3726 animo
714 3635 813 3694 mittat
827 3633 1004 3716 septiniani
1018 3635 1160 3698 ammonis
1170 3645 1260 3696 natura

253 3763 344 3836 atque
360 3750 437 3814 nihil
450 3746 811 3832 ridebituranperlluun.
820 3781 861 3796 -
871 3747 963 3827 Quod
974 3749 1130 3812 adiuncto
1136 3749 1260 3812 Observa

254 3889 309 3930 nes
329 3867 492 3930 ilistoricas
506 3864 626 3946 attinet,
650 3865 682 3926 in
697 3863 747 3926 hia
762 3862 793 3926 id
811 3863 886 3925 milri
906 3861 963 3926 suit
975 3865 1166 3948 propositum,
1176 3877 1208 3926 nt
1221 3867 1260 3948 ino

254 4007 364 4061 reram,
380 4005 475 4068 qum
482 3985 565 4047 viam
576 3984 727 4068 ingressus
738 3981 829 4042 lirerit
840 3981 946 4065 Dictys
961 3984 992 4042 in
1004 3980 1192 4064 excogitandis
1205 3991 1233 4040 et
1244 4001 1260 4040 o

255 4097 407 4164 timendis
436 4097 545 4161 tabulis
569 4099 652 4175 auis,
684 4107 739 4174 ut,
756 4098 863 4162 amotis
876 4093 1017 4161 omnibus
1033 4094 1260 4159 aliemsnssuncn
