2808 4686
224 361 296 438 384
530 387 801 440 ossenrxrxoxes
829 387 863 437 m
890 387 952 436 ne.
981 389 1006 436 r.
1088 419 1091 432 .

222 575 428 656 παραγίνεται
443 575 619 692 Μινέλαιις.
640 589 670 638 et
685 593 781 640 mox·
802 569 910 641 ansero
930 568 1005 650 roric
1024 564 1179 658 ἡγεμόνας
1198 571 1312 657 [iduor-
1376 553 1377 566 ἵ

224 675 333 750 §onom
354 672 592 748 ἐπελθόντες
557 699 615 758 την
632 674 777 740 Ἑλλάδα.

308 775 448 858 tegamur
476 777 564 862 prius
584 778 632 838 ad
663 778 799 856 Troiam)
851 775 945 860 Apud
973 772 1162 859 Cypriorum
1182 772 1313 858 scripto-

230 892 316 951 rem,
340 884 377 936 ut
394 897 430 937 ex
450 875 554 938 Procli
578 881 729 961 excerptis
749 877 905 956 discimus,
925 874 1035 936 Graeci
1055 882 1128 957 post
1148 869 1312 936 Protesilai

133 1005 134 1008 ¹
223 973 346 1038 demum
376 975 514 1060 etCyeni
534 988 665 1039 mortem
687 970 967 1057 διαπρεσβεύονται
986 967 1065 1058 πρός
1085 968 1158 1046 τούς
1184 971 1311 1054 Τρῶας,

222 1095 280 1155 νην
294 1068 418 1156 Ἑλένην
436 1097 490 1139 και
510 1073 548 1138 rai
571 1070 714 1158 κτήματα
737 1075 950 1147 ἀπαιτοῦντες.
978 1105 1021 1120 -
1041 1073 1204 1136 Praeterea
1227 1071 1313 1154 apud

224 1173 392 1234 Homerum
412 1173 460 1253 (ΙΙ.
483 1177 537 1237 lll.
561 1175 633 1239 205.
653 1177 711 1240 XI.
739 1177 840 1261 1394,
864 1197 955 1259 quem
975 1175 1093 1258 antiqui
1114 1173 1242 1256 plurimi
1264 1193 1311 1234 se-

225 1274 289 1336 cuti
308 1285 391 1349 sunt,
416 1273 561 1360 legantur
586 1299 647 1338 non
669 1277 727 1338 nisi
750 1275 907 1338 Menelaus
928 1285 959 1337 et
976 1273 1102 1338 Ulixes·
1094 1271 1203 1356 ,apud
1223 1273 1310 1334 Hen-

224 1375 281 1437 rie.
305 1375 466 1459 Bruueuig.
490 1397 519 1442 c
540 1377 592 1460 57.
616 1376 669 1438 fol.
691 1375 744 1456 64.
764 1375 870 1438 Ulixes
889 1387 920 1438 et
940 1373 1121 1450 Diomedes3
1142 1373 1223 1455 apud
1241 1374 1309 1434 Aa·

222 1485 339 1538 etorem
356 1473 422 1536 τῶν
446 1477 531 1555 Tp.
523 1497 554 1536 ιιι
576 1475 655 1543 BibL
671 1477 797 1540 Uffenb.
807 1479 863 1542 Vl.
885 1498 917 1558 p.
909 1473 1007 1538 ..661
1032 1459 1213 1551 Menelaus,
1234 1473 1307 1536 Uli-

220 1595 271 1636 xes
302 1585 333 1636 nt
360 1573 557 1652 Palamedes,
594 1577 707 1660 quibus
736 1578 936 1638 Acamantem
965 1585 996 1638 et
1015 1573 1195 1636 Diomedem
1220 1571 1308 1636 addit

215 1673 343 1736 ,menes
372 1673 541 1742 Antehom.
576 1674 643 1740 155.
670 1711 714 1724 -
742 1675 996 1760 Clytemncstrem
1023 1677 1153 1737 maxime
1171 1673 1212 1734 ad
1226 1671 1307 1734 hane

220 1771 403 1855 legationem
423 1778 583 1853 incitasse,
609 1778 683 1859 quin
705 1776 796 1837 etiam
817 1774 924 1838 literas
942 1774 1082 1838 Menelao
1104 1772 1223 1836 dedisse
1241 1773 1305 1834 He-

219 1871 305 1935 lenae
323 1875 506 1952 tradendas,
541 1876 653 1959 quibus
682 1877 800 1940 reditus
833 1877 898 1938 eius
917 1873 1113 1955 efficeretur,
1136 1872 1304 1950 adiiciunt,

220 1972 299 2035 forte
328 1995 364 2035 ex
392 1977 514 2037 Graeco
547 1977 676 2060 Dictye‚
709 1976 835 2038 Malelas
862 1999 896 2060 p.
930 1997 996 2042 rar.
1034 1984 1067 2036 et
1100 1973 1255 2034 Cedrenns
1273 1993 1304 2053 p.

224 2079 290 2140 roa.
325 2107 366 2122 -·
397 2075 506 2140 Altera
538 2074 650 2160 legatio
678 2097 696 2137 a
727 2077 840 2160 Dictye
877 2076 1078 2140 describitur·
1094 2073 1153 2139 lin.
1184 2073 1226 2136 ll.
1253 2091 1302 2138 2⁰s

219 2173 272 2236 ubi
292 2173 374 2244 vide.
1376 2247 1377 2250 Ἴ

210 2315 233 2334 ·-
301 2277 454 2338 oculiad
480 2276 615 2358 Cyprum
645 2277 798 2364 appulere)
851 2279 912 2356 Qui
933 2267 1174 2350 sie'tradiderim
1197 2275 1303 2358 ignoro

220 2373 325 2438 alium.
370 2378 430 2458 Ipsi
453 2375 571 2459 Dietyis
591 2386 777 2456 sectatores,
798 2376 899 2440 Malel.
921 2399 953 2460 p.
980 2397 1049 2459 ¹¹9·
1071 2386 1101 2436 et
1121 2373 1249 2436 Codren.
1270 2395 1302 2455 p.

224 2495 316 2554 rom,
337 2473 430 2538 aliter
450 2473 613 2554 reserant,
636 2475 797 2538 Priamum
818 2479 954 2558 primam
976 2474 1143 2552 Sidonem,
1164 2484 1232 2535 tum
1242 2472 1302 2534 de·

221 2587 347 2660 gyptum
366 2586 398 2637 et
417 2575 490 2636 inde
501 2575 628 2636 Troiam
650 2577 768 2640 venisse
780 2577 958 2644 scribentes.
999 2574 1047 2638 Ae
1067 2576 1168 2635 neseio
1188 2593 1227 2636 an
1246 2592 1303 2654 pm

218 2679 262 2738 ud
282 2679 417 2762 Cyprum
438 2674 602 2760 legendnm
617 2677 656 2738 sit
668 2677 852 2761 Aegyptum.
897 2675 949 2737 Sic
980 2673 1220 2740 consentientem
1248 2673 1300 2734 Di·

219 2787 287 2859 ctys
308 2775 434 2838 haberet
458 2776 651 2856 Ausonium,
672 2777 759 2838 euius
781 2776 875 2838 verba
890 2776 920 2837 in
943 2773 1043 2836 Gloss.
1066 2772 1299 2858 descripsimus3
1376 2851 1377 2858 ἵ

220 2876 430 2951 Herodotum,
446 2879 500 2958 qui
509 2875 564 2942 lib.
575 2875 617 2938 ll.
638 2877 704 2944 113.
723 2877 785 2938 itas
811 2861 1300 2954 Ἀλέξανδρον--ἄνεμοιέιβάλο

216 2979 325 3041 λουσιν
336 2973 370 3049 ἐς
383 2969 418 3038 τὸ
440 2968 615 3054 Αἰγύπτιον
624 2975 766 3054 πέλαγος·
784 2971 927 3038 ἐνθεῦτεν
943 2973 978 3037 dl
1000 2969 1056 3052 (od
1075 2967 1138 3055 peip
1159 2968 1240 3034 ιῖνιίν
1262 2993 1298 3034 ra
1376 2981 1377 3056 l

218 3069 399 3154 πνεύματα)
420 3071 599 3134 ἀπικνέεται
620 3071 653 3144 ἐς
670 3069 846 3151 Ai'yvurou.
870 3074 999 3158 itemque
1011 3073 1228 3146 Exxstathium‚
1248 3074 1299 3156 qui

218 3173 256 3238 nd
281 3173 320 3234 ll.
344 3173 402 3234 Vl.
418 3169 510 3254 289.:
536 3170 579 3232 δι’
594 3167 762 3252 Αἰγύπτου
783 3171 839 3234 καί
860 3171 1007 3254 Φοινίκης
1028 3168 1086 3236 καὶ
1104 3170 1161 3234 τοῦ
1177 3171 1298 3254 (llnps'oo

217 3273 273 3336 καὶ
297 3270 433 3336 lantsoni
463 3263 600 3352 neleiyou
620 3265 829 3351 περιοδεύσας
857 3261 955 3352 ἦλθεν
983 3269 1028 3344 εἰς
1060 3267 1188 3352 Τροίαν.
1209 3283 1299 3356 atque

218 3375 324 3442 Cenat.
353 3371 547 3444 Manassem,
577 3373 630 3452 qni
662 3392 693 3452 p.
722 3392 773 3432 20.
808 3375 923 3454 pariter
960 3375 1094 3455 primum
1127 3373 1298 3458 Aegyptam

217 3472 446 3558 tempestatibus
480 3469 690 3532 Alexandrum
723 3471 865 3532 iactatum
905 3471 995 3533 luisse
1019 3473 1171 3554 perhibet.
1193 3509 1233 3522 -
1251 3475 1298 3536 Ab

216 3577 266 3638 his
287 3574 431 3654 omnibus
460 3571 610 3654 discrepat
631 3569 817 3653 Cypriorum
851 3575 1003 3654 scriptor,
1028 3571 1080 3654 qni
1102 3581 1181 3637 teste
1201 3575 1298 3636 Hero·

216 3677 289 3738 doto
309 3675 354 3737 11.
388 3695 458 3757 ¹¹7·
493 3673 627 3748 cecinit,
662 3663 704 3742 nic
724 3677 863 3752 τριταῖος
883 3669 918 3732 ἐκ
940 3661 1298 3754 Σπάρτηςᾋλέξανδρος

214 3771 345 3838 ἀπίκετο
369 3772 402 3847 ἐς
429 3767 466 3834 sd
488 3760 582 3835 Ἴλιον
611 3761 699 3850 cipum
728 3766 786 3852 τὴν
807 3765 951 3854 Ἑλένην,
983 3763 1074 3833 εὖαὲϊ
1090 3793 1125 3834 τι
1149 3773 1298 3853 πνεύματι

213 3868 413 3958 χρησάμενος
433 3869 488 3934 καὶ
507 3863 653 3954 θαλάσσῃ
674 3866 753 3954 λείῃ.
796 3869 912 3932 Eadem
941 3871 1046 3934 lisdem
1067 3873 1171 3936 verbis
1192 3876 1296 3956 eny·
1376 3937 1377 3966 1

215 3975 290 4059 priis
310 3973 404 4035 refert
422 3971 602 4033 Eustathius
628 3967 650 4030 l.
675 3967 721 4048 l.·
758 3981 789 4030 et
812 3980 895 4032 certe
913 3971 1020 4034 ultima
1043 3975 1137 4036 verba
1158 3965 1249 4038 seiusi'
1267 3992 1295 4034 ιε
1376 3981 1377 4002 .

217 4097 245 4138 rs.
265 4095 293 4136 r.
314 4078 344 4135 t..
364 4095 401 4134 ex
422 4072 494 4155 ipsis
515 4069 637 4152 Cypriis
660 4067 799 4132 desumta
820 4081 902 4138 sunt
945 4073 1003 4132 Hie
1026 4076 1295 4156 gravissimuslle·
1376 4079 1377 4156 l

126 4225 128 4232 ,
218 4172 318 4234 rodou
338 4183 371 4233 et
389 4170 543 4234 Eustathu
570 4169 619 4251 (cl.
644 4169 750 4236 Ηοιηιιι
784 4167 849 4232 Od.
872 4173 898 4232 l.
933 4170 979 4238 15.
1004 4175 1070 4240 init.
1082 4177 1165 4257 ,qui
1186 4173 1294 4258 etipse
1376 4173 1377 4210 l

215 4271 401 4356 Cypriorum
431 4270 591 4352 scriptoris
618 4271 715 4332 verbe
735 4269 897 4354 respexisse
926 4271 1070 4355 videtur,
1090 4295 1225 4339 canens·
1246 4279 1292 4336 iu·
