2766 4690
354 377 622 434 onsmvrnunrs
644 378 681 430 m
704 379 769 432 ern.
794 381 829 432 r.
1060 357 1133 438 ur

58 581 175 636 aesmte
195 567 308 654 virgil.
340 567 421 632 Aen.
444 568 500 635 111.
523 567 555 631 8.
579 568 633 632 ubi
652 567 690 632 de
713 577 848 654 tempore
866 567 1069 654 disputantem
1088 572 1136 634 vl·

56 672 99 736 ile
113 671 215 756 lleyn.
235 671 311 742 Ero.
339 671 378 732 ll.

140 768 263 834 Anteae
281 767 369 854 apud
387 769 515 830 liniam
532 779 641 844 manet,
663 771 717 854 qui
735 769 813 851 eet.)
852 768 901 830 De
920 767 979 829 boo
1000 768 1066 831 loeo
1086 767 1137 829 di-

55 872 157 932 ximus
176 871 209 930 in
230 869 368 935 Praesat.
388 889 419 952 p·
439 869 578 932 xxvu.
608 901 648 916 -
668 867 860 950 singularem
880 867 990 952 partim
1014 888 1050 929 ex
1070 867 1136 928 Da-

56 981 144 1044 reta,
163 971 272 1054 partim
295 991 330 1032 ex
352 971 462 1054 Dictys
485 968 700 1033 adumbratam
722 969 845 1032 Henriei
868 989 897 1032 e.
916 967 970 1034 85.
1003 967 1058 1030 sol.
1080 968 1133 1032 151

55 1091 127 1154 sqq.
147 1074 356 1134 narrationem
375 1069 462 1132 brevi
484 1068 534 1132 bio
555 1069 779 1152 exprimendam
799 1067 916 1154 putavi.
958 1069 1055 1152 Igitur
1073 1069 1138 1130 Ae·

56 1191 134 1234 neas
155 1171 196 1234 ob
225 1169 304 1233 mole
331 1180 486 1234 servatum
511 1168 739 1248 iusiurandum,
764 1169 847 1254 quod
865 1169 991 1232 Graecis
1010 1165 1140 1232 dederet

58 1277 105 1346 (c.
126 1269 178 1332 82.
197 1269 252 1332 lol.
280 1267 337 1348 145
358 1279 389 1332 et
412 1289 441 1330 o.
462 1267 514 1336 85.
537 1266 592 1330 l'ol.
618 1267 695 1353 litt
722 1271 818 1332 Dares
837 1290 868 1340 o,
888 1266 986 1352 Ab),
1009 1268 1138 1332 Troiam

58 1373 93 1430 in
116 1377 297 1452 perpetuum
323 1365 495 1450 relinquere
515 1368 612 1430 iussus
635 1379 700 1449 est,
726 1370 875 1432 muressis
907 1368 1024 1431 duabus
1041 1377 1071 1430 et
1090 1369 1139 1430 vi-

58 1472 136 1555 ginti
157 1471 305 1548 navibus,
334 1479 367 1532 et
385 1481 518 1553 quatum
549 1473 698 1533 mensium
717 1481 875 1554 tempore,
893 1461 957 1554 ouo
977 1470 1019 1536 ad
1037 1469 1140 1555 profe·
1164 1509 1168 1520 ι

58 1572 193 1632 ctionem
214 1590 247 1631 se
266 1569 450 1653 accingeret.
471 1569 549 1630 Cum
571 1571 690 1632 interea
702 1571 841 1633 Antenor
863 1568 968 1632 multis
989 1591 1061 1632 enm
1081 1589 1140 1632 ua-

62 1671 154 1732 vibus
175 1669 396 1752 comitibusque
414 1667 540 1730 armatis
560 1667 684 1732 Troade
703 1669 873 1746 excederet,
897 1673 985 1754 eique
1006 1668 1140 1731 redeun-

58 1769 93 1832 di
113 1767 250 1850 quolibet
282 1776 421 1850 tempore
452 1767 578 1830 boullae
598 1778 702 1846 essm,
735 1768 767 1830 id
796 1789 885 1854 aegre
904 1770 1005 1832 larena
1025 1771 1140 1832 Aeneas

59 1871 153 1930 etiam
165 1867 316 1931 Antenori
338 1875 521 1950 perpetuum
542 1867 663 1930 exilium
682 1889 793 1952 parare
815 1868 938 1930 molitus
957 1877 1024 1951 est3
1047 1877 1142 1952 atque

59 1967 165 2030 multis
183 1967 446 2030 criminationibus
474 1967 597 2028 tandem
618 1967 772 2051 'perleoit‚
794 1969 838 2030 nti
858 1969 998 2038 Antenor
1019 1987 1141 2052 qnoque

59 2071 94 2128 in
119 2067 240 2130 exilium
260 2067 431 2128 aTroiauis
450 2069 630 2128 mitteretur.
673 2067 891 2129 RelietnTroia
911 2069 1141 2150 tempestatibus

58 2169 214 2244 iactatus,
250 2166 436 2248 emissioque
454 2164 559 2226 multis
579 2167 667 2227 soniis
684 2176 716 2226 et
735 2165 843 2248 opibus
863 2165 895 2228 vi
916 2165 1141 2228 maritimorum

57 2263 261 2349 praedonum,
284 2266 317 2328 in
337 2285 469 2350 quorum
483 2284 591 2326 manos
611 2263 792 2344 devenerat,
812 2263 928 2346 appulit
951 2265 989 2326 ad
1012 2275 1142 2344 temam,

58 2367 110 2426 eni
132 2385 243 2428 nomeu
267 2363 452 2426 Gerbendia.
496 2363 684 2447 (Sequentia,
706 2383 784 2446 quse
805 2373 876 2425 sunt
896 2383 931 2424 ex
952 2363 1062 2447 Dictye
1085 2362 1142 2425 de·

57 2464 186 2546 scripta,
207 2461 298 2546 paulo
318 2463 399 2526 infra
420 2463 560 2526 reseram.
601 2462 740 2524 Adneoto
759 2463 820 2541 hie,
840 2483 918 2546 quae
939 2461 1142 2525 narratflen·

58 2567 141 2626 merra
158 2584 186 2625 e.
213 2563 264 2648 87.
285 2560 339 2624 fol.
369 2561 460 2646 ¹⁵7·l·
510 2563 631 2624 interea
660 2561 783 2624 Aeneae
812 2561 912 2624 adhue
940 2562 1050 2640 Troiae
1069 2583 1141 2624 ver·

56 2664 141 2726 santi
172 2662 445 2746 profectionemque
475 2662 597 2744 paranti
618 2681 746 2744 magnus
766 2660 855 2723 labor
874 2668 961 2739 erat,
985 2660 1139 2744 momodo

57 2763 89 2824 T
91 2764 213 2824 roianm
229 2771 338 2824 eontra
358 2761 499 2822 finitimos
518 2757 646 2844 populos
668 2767 821 2836 tueretur,
843 2759 895 2842 qui
916 2759 1141 2822 incursionibus

57 2863 267 2924 Troianorum
287 2859 362 2923 fines
382 2859 546 2922 vexabant.
600 2861 667 2940 lpse
686 2857 774 2937 exul,
793 2870 829 2920 ut
849 2859 1027 2921 Diomedem
1048 2879 1141 2922 voea-

58 2971 141 3034 rent,
162 2963 268 3026 suasit.
309 2961 380 3039 Quo
400 2960 481 3022 bern
502 2959 663 3022 Diomedes
684 2969 753 3042 post
773 2971 842 3022 octo
865 2957 985 3048 dierum
1009 2981 1141 3044 pugnam

60 3061 161 3134 vicit,
184 3057 295 3122 multos
315 3059 415 3122 bostes
435 3058 563 3132 ooeidit‚
587 3057 698 3122 multos
718 3058 809 3142 oepit.
852 3059 964 3141 Copton
982 3059 1023 3122 nd
1043 3079 1140 3125 unum

59 3177 167 3220 omnes
197 3160 230 3220 in
260 3157 397 3240 patibulo
425 3156 595 3240 suspendit.
651 3159 752 3240 Atque
770 3158 810 3220 ab
831 3157 890 3220 boo
911 3159 982 3222 iude
1001 3169 1140 3245 tempore

57 3255 137 3317 nihil
157 3255 283 3318 Troiani
303 3259 382 3339 passi
400 3267 472 3318 sunt
490 3255 573 3336 mali,
596 3264 628 3320 et
646 3259 741 3318 vitam
759 3257 791 3318 io
813 3277 890 3342 paee
909 3269 1138 3343 transegerunt.

58 3357 134 3418 Mox
163 3355 433 3427 Aeneas‹Troiam
467 3355 593 3439 reliquit
620 3365 739 3448 etpost
761 3354 868 3442 longos
886 3379 1009 3423 errores
1023 3361 1140 3426 ltaliam

57 3455 156 3518 venit.
523 3508 525 3512 .
959 3513 963 3520 .

144 3575 187 3618 ecc
203 3551 371 3630 Dardano)
412 3553 489 3616 urbe
510 3552 702 3637 septuaginta
715 3555 818 3619 stadiis
836 3555 877 3620 ab
894 3555 1003 3643 Abydo
1022 3557 1140 3621 distan-

56 3665 102 3716 te.
123 3674 155 3720 v.
187 3653 292 3716 strab.
314 3653 402 3720 Xlll.
423 3675 455 3736 p.
475 3656 555 3738 4093
591 3652 698 3736 steph.
730 3655 803 3739 Byr.
838 3677 938 3736 s.v.;
968 3657 1075 3740 Scylax
1104 3677 1139 3720 v.

60 3746 187 3835 Τροίας.
229 3755 345 3816 Aeneas
368 3764 432 3816 erat
454 3751 618 3816 Dardanus
637 3753 904 3837 Troianorumque
922 3755 1006 3839 apud
1026 3755 1139 3818 Home·

56 3873 131 3914 rum
151 3852 223 3915 dur.
246 3886 286 3904 -
308 3853 478 3918 Penriuula
497 3857 520 3915 i.
542 3873 571 3916 e.
595 3852 800 3918 Chersonesus
820 3853 980 3938 Thraciae,
1001 3855 1138 3940 aregio-

55 3987 97 4028 Μ
119 3973 307 4146 ”domm
316 4066 508 4148 Menam)
521 4067 807 4151 Pmeternevigavit
817 4070 935 4132 Aeneas
948 4069 1138 4154 Dulichium,

56 4166 336 4246 ltbacam‚Samen,
349 4166 552 4244 Ambraciam,
564 4167 749 4246 Chaonism3
767 4171 853 4251 petiit
865 4173 1001 4252 proxima
1019 4171 1139 4235 Phaea-

54 4283 126 4330 eum
146 4285 221 4332 rura
239 4285 394 4351 naresque
412 4265 532 4353 appulit
549 4265 590 4332 ad
609 4267 735 4352 prum
949 4293 1010 4353 m,
1028 4271 1082 4335 nbi
1100 4272 1140 4335 ab
