2698 4688
261 311 344 360 1le
589 333 591 340 >
615 355 618 362 .
700 311 942 364 IXTRODCCTlO.

260 500 367 583 Dictys
380 518 440 560 non
461 501 528 584 ipso
547 501 669 560 nominc
690 509 796 562 auctor
819 499 1026 584 praedicatur:
1049 511 1080 562 et
1099 503 1131 562 in
1149 498 1245 564 obse

260 607 379 685 saepius
402 604 503 666 forsan
532 605 623 664 nimis
655 614 743 666 cauta
768 604 849 681 dixi,
881 606 994 688 Dictyn
1017 606 1167 670 cumillis
1183 629 1219 670 ex
1242 629 1266 670 a

259 707 389 772 similive
408 711 484 772 mibi
506 713 609 792 ignoto
633 712 803 794 antiquiore
828 711 911 772 fonte
930 711 1075 774 hausisse.

341 817 417 878 Cum
443 817 561 900 Diatyis
580 817 690 880 fabulis
718 839 778 880 non
810 819 950 900 exiguum
973 817 1169 882 tribuendum
1190 821 1266 902 preti

258 928 370 1008 qnippe
385 924 467 984 baud
490 946 584 1008 pauca
610 926 649 986 ad
665 925 811 1008 explenda
832 924 1015 1010 nycticoram
1035 929 1169 988 carmina
1188 948 1266 1010 praet

258 1031 358 1105 tibus,
396 1042 463 1105 tum
485 1035 576 1094 etiam
603 1037 649 1112 is,
681 1035 734 1117 qui
761 1055 812 1095 eas
839 1035 975 1115 scripsit,
995 1042 1030 1094 ut
1055 1043 1161 1095 auctor
1191 1055 1266 1095 nova

258 1139 376 1222 amplae
400 1141 485 1222 quasi
509 1141 629 1203 scholae
657 1143 854 1205 attentionem
877 1152 1010 1202 nostram
1037 1139 1218 1202 contrahere
1241 1142 1266 1201 di

257 1247 376 1330 Dictyis
392 1247 532 1330 discipuli
559 1259 650 1309 sunt:
682 1248 782 1310 seculo
803 1267 884 1310 nono
909 1247 1037 1308 loannes
1055 1244 1200 1326 Mulelas3
1226 1247 1266 1308 de

258 1355 473 1417 Constantinus
496 1355 782 1438 Porphyrogeneta3
808 1355 969 1418 undecimo
995 1354 1142 1434 Georgius
1165 1353 1267 1414 Cedro

257 1461 435 1524 duodecimo
460 1463 580 1526 lsaacus
604 1464 890 1548 Porphyrogeneta,
927 1461 1142 1522 Constantinus
1169 1461 1267 1522 Manat

256 1570 384 1630 loannes
405 1580 434 1630 et
452 1571 571 1631 lenaeus
594 1571 734 1631 Tsetses:
761 1571 815 1654 qui
837 1569 971 1651 magistri
992 1569 1132 1632 ldstnrias
1151 1569 1191 1630 ad
1213 1591 1267 1629 ver

256 1674 445 1750 exscribunt,
486 1695 617 1758 eumque
640 1686 728 1738 tanto
755 1695 859 1736 amore
889 1672 1130 1756 amplectuntur,
1164 1687 1200 1738 ut
1228 1677 1267 1736 Di

256 1780 410 1842 hominem
429 1782 693 1864 sapientissimum,
720 1781 886 1844 Homerum
913 1779 1062 1844 misellum
1083 1782 1267 1844 confabulati

257 1887 449 1970 perhibeant.
493 1888 661 1950 Addendus
683 1888 731 1952 bis
749 1889 849 1951 Guido
869 1887 907 1950 de
925 1885 1093 1966 Columna,
1111 1889 1229 1973 dequo
1249 1913 1267 1952 si

256 1995 395 2059 diximus.
421 2029 460 2044 -·
483 1997 530 2058 Ex
547 1997 594 2060 bis
613 1998 810 2079 scriptoribus
832 1997 965 2058 Graecus
986 1997 1110 2080 Dictys,
1133 2017 1224 2081 quem
1243 1998 1267 2057 St

257 2106 337 2166 mins
363 2106 456 2167 nimis
483 2108 631 2168 contraxit
659 2115 690 2167 et
717 2103 889 2185 mutilavit,
925 2125 1033 2188 magna
1063 2123 1098 2166 ex
1124 2116 1212 2188 parte
1241 2127 1267 2187 pi

256 2211 381 2294 expleri,
405 2215 583 2294 praesertim
609 2233 644 2274 ex
664 2211 775 2274 Malela
795 2222 826 2274 et
848 2211 1005 2292 Cedreno,
1030 2216 1069 2276 in
1085 2214 1185 2276 reditu
1207 2215 1267 2276 Gra

256 2337 326 2378 rum
355 2339 389 2380 ex
416 2318 557 2381 Gnidone
579 2330 610 2382 et
633 2319 775 2386 ilenrico.
807 2319 919 2403 laqus
938 2331 1040 2382 antem
1064 2342 1098 2382 re
1119 2341 1227 2404 magna
1249 2344 1268 2382 a

255 2423 354 2487 benda
382 2429 483 2520 cautio
507 2437 562 2488 est.
617 2425 743 2488 Mulelas
773 2429 853 2490 enim
879 2427 949 2490 licet
976 2426 1124 2490 verbatim
1158 2426 1268 2511 plarun

254 2533 367 2616 Dictyn
390 2534 596 2617 exscripserit,
624 2545 660 2596 ut
681 2555 716 2596 ex
737 2534 978 2618 frequentissimo
999 2554 1068 2598 cum
1089 2534 1232 2617 Septimio
1254 2559 1268 2600 a

255 2661 315 2724 quc
344 2641 559 2726 expilatoribus
588 2645 621 2704 in
656 2642 761 2705 eadam
791 2643 884 2706 verba
919 2663 1065 2706 conoensn
1089 2641 1243 2726 probabile

256 2758 327 2810 sunt
351 2759 473 2829 tamen,
500 2753 533 2814 in
561 2749 673 2835 quibus
699 2752 833 2836 magistri
861 2753 1052 2814 narrationes
1074 2749 1123 2812 vel
1147 2749 1268 2816 turbare

253 2855 304 2918 vel
324 2857 414 2941 plane
436 2857 623 2939 deseruerit,
646 2857 774 2922 aliorum
794 2861 936 2943 figmenta
956 2858 1098 2922 libentius
1118 2855 1268 2941 amplexau

257 2965 446 3052 immiscens:
479 2965 554 3028 baec
582 2965 722 3028 videlicet
741 2979 787 3030 est
809 2965 936 3030 Malelae
961 2964 1097 3042 indoles,
1124 2966 1211 3026 cuius
1237 2965 1268 3024 Cl

256 3069 454 3150 nographiam
468 3069 640 3152 decerptam
660 3093 725 3136 esse
745 3093 779 3134 ex
797 3071 864 3134 aliis
880 3073 1053 3135 auctoribus
1068 3072 1244 3155 farraginem
1261 3095 1268 3154 1

255 3173 341 3235 bavit
370 3175 555 3238 Humliedus
577 3177 694 3238 Hodius
717 3177 890 3260 Prolegorn.
917 3185 947 3256 5.
971 3179 1024 3242 lV.
1046 3189 1077 3242 et
1095 3179 1224 3240 XXXV.
1247 3178 1268 3240 t

254 3303 295 3344 na
317 3280 467 3344 inserendi
487 3283 628 3366 cupidine
647 3295 768 3346 tenetur
784 3288 874 3348 etiarn
895 3287 1015 3366 Gnido,
1037 3299 1068 3349 et
1091 3288 1262 3369 praesertim

252 3390 310 3451 tari
332 3390 450 3472 Dictyis
479 3399 657 3457 sectatores:
686 3411 800 3476 quare,
829 3395 884 3456 etsi
911 3415 1016 3457 omnes
1046 3415 1082 3456 ex
1109 3394 1213 3476 Dictys
1232 3413 1263 3453 se

252 3515 321 3558 snas
349 3497 469 3578 petiisse
497 3497 665 3572 fateantur,
703 3501 917 3582 circumspecta
944 3501 1135 3562 distinctione
1165 3519 1238 3582 opus

255 3602 391 3663 Omnino
418 3602 512 3666 dnbia
533 3614 605 3664 sant
625 3603 697 3666 talia
718 3607 901 3689 scriptorum
920 3609 1105 3686 testimonia,
1128 3627 1223 3689 neque
1242 3627 1268 3687 pr

253 3729 381 3791 propere
408 3710 444 3770 iis
470 3710 661 3792 adiungenda
682 3712 764 3774 fides.
816 3713 962 3798 losepbus
983 3713 1103 3776 lscanus
1123 3714 1267 3797 praefert,

253 3815 398 3877 Daretem
426 3820 529 3900 aequis
560 3819 612 3880 sed
643 3822 669 3881 si
696 3841 764 3881 cum
794 3821 903 3883 Latino
933 3821 1227 3884 Pseudo-Cornelio
1258 3841 1268 3878 a

254 3941 421 4004 comparas,
437 3928 548 4006 passim
565 3926 669 3988 Dareti
691 3928 843 3990 adversari
865 3949 988 4012 esusque
1008 3929 1075 3992 loco
1094 3931 1201 4012 Dictyn
1221 3927 1268 3988 adt

256 4029 358 4090 lirassa
381 4029 596 4113 deprehendes.
641 4033 707 4115 lpse
728 4037 818 4096 etiam
835 4035 995 4117 Septimius
1009 4037 1161 4118 quomodo
1181 4037 1268 4096 Graec

255 4135 368 4219 Dictyn
386 4145 558 4202 tractaverit
573 4145 729 4221 quaerenti
743 4145 766 4204 si
787 4143 1009 4224 responderam,
1023 4146 1133 4208 iustmn
1151 4165 1215 4208 cum
1233 4144 1268 4206 int
