<?xml version="1.0" encoding="UTF-8"?>
<!DOCTYPE html PUBLIC "-//W3C//DTD XHTML 1.0 Transitional//EN"
    "http://www.w3.org/TR/xhtml1/DTD/xhtml1-transitional.dtd">
<html xmlns="http://www.w3.org/1999/xhtml" xml:lang="en" lang="en">
 <head>
  <title>
</title>
<meta http-equiv="Content-Type" content="text/html;charset=utf-8" />
  <meta name='ocr-system' content='tesseract 3.04.00' />
  <meta name='ocr-capabilities' content='ocr_page ocr_carea ocr_par ocr_line ocrx_word'/>
</head>
<body>
  <div class='ocr_page' id='page_1' title='image "./dictyscretensis00dictgoog/dictyscretensis00dictgoog_0252.png"; bbox 0 0 2860 4688; ppageno 0'>
   <div class='ocr_carea' id='block_1_1' title="bbox 252 371 957 446">
    <p class='ocr_par' dir='ltr' id='par_1_1' title="bbox 252 371 957 446">
     <span class='ocr_line' id='line_1_1' title="bbox 252 371 957 446; baseline -0.009 0"><span class='ocrx_word' id='word_1_1' title='bbox 252 371 324 446; x_wconf 77' lang='lat' dir='ltr'><em>stt</em></span> <span class='ocrx_word' id='word_1_2' title='bbox 632 391 753 442; x_wconf 71' lang='lat' dir='ltr'><em>moris</em></span> <span class='ocrx_word' id='word_1_3' title='bbox 777 389 957 443; x_wconf 70' lang='lat' dir='ltr'><em>commem</em></span> 
     </span>
    </p>
   </div>
   <div class='ocr_carea' id='block_1_2' title="bbox 203 579 1344 2546">
    <p class='ocr_par' dir='ltr' id='par_1_2' title="bbox 203 579 1344 2546">
     <span class='ocr_line' id='line_1_2' title="bbox 246 579 1339 687; baseline 0 -27"><span class='ocrx_word' id='word_1_4' title='bbox 246 607 326 660; x_wconf 88' lang='lat' dir='ltr'><em>rem</em></span> <span class='ocrx_word' id='word_1_5' title='bbox 353 582 476 660; x_wconf 89' lang='lat' dir='ltr'><em>solum</em></span> <span class='ocrx_word' id='word_1_6' title='bbox 500 607 623 673; x_wconf 76' lang='lat' dir='ltr'><em>unane,</em></span> <span class='ocrx_word' id='word_1_7' title='bbox 655 581 726 660; x_wconf 87' lang='lat' dir='ltr'><em>sed</em></span> <span class='ocrx_word' id='word_1_8' title='bbox 737 579 867 660; x_wconf 30' lang='lat' dir='ltr'><em>*Atrei</em></span> <span class='ocrx_word' id='word_1_9' title='bbox 888 599 1001 687; x_wconf 86' lang='lat' dir='ltr'><em>atque</em></span> <span class='ocrx_word' id='word_1_10' title='bbox 1024 581 1176 684; x_wconf 87' lang='lat' dir='ltr'><em>Pelopis</em></span> <span class='ocrx_word' id='word_1_11' title='bbox 1200 581 1339 660; x_wconf 82' lang='lat' dir='ltr'><em>divitiis</em></span> 
     </span>
     <span class='ocr_line' id='line_1_3' title="bbox 244 699 1338 802; baseline -0.004 -24"><span class='ocrx_word' id='word_1_12' title='bbox 244 701 447 786; x_wconf 77' lang='lat' dir='ltr'><strong><em>inhiantes,</em></strong></span> <span class='ocrx_word' id='word_1_13' title='bbox 487 717 634 800; x_wconf 90' lang='lat' dir='ltr'><em>raptum</em></span> <span class='ocrx_word' id='word_1_14' title='bbox 668 724 729 776; x_wconf 88' lang='lat' dir='ltr'><em>res</em></span> <span class='ocrx_word' id='word_1_15' title='bbox 757 699 867 776; x_wconf 85' lang='lat' dir='ltr'><em>¹more</em></span> <span class='ocrx_word' id='word_1_16' title='bbox 892 700 1083 776; x_wconf 89' lang='lat' dir='ltr'><em>incondito</em></span> <span class='ocrx_word' id='word_1_17' title='bbox 1104 706 1338 802; x_wconf 72' lang='lat' dir='ltr'><em>perrexisse:</em></span> 
     </span>
     <span class='ocr_line' id='line_1_4' title="bbox 241 815 1342 922; baseline -0.003 -31"><span class='ocrx_word' id='word_1_18' title='bbox 241 841 317 918; x_wconf 88' lang='lat' dir='ltr'><em>pro</em></span> <span class='ocrx_word' id='word_1_19' title='bbox 342 820 428 922; x_wconf 85' lang='lat' dir='ltr'><em>quis</em></span> <span class='ocrx_word' id='word_1_20' title='bbox 464 819 727 919; x_wconf 86' lang='lat' dir='ltr'><em>nequissimum</em></span> <span class='ocrx_word' id='word_1_21' title='bbox 752 841 857 901; x_wconf 87' lang='lat' dir='ltr'><em>esse,</em></span> <span class='ocrx_word' id='word_1_22' title='bbox 892 817 1075 894; x_wconf 86' lang='lat' dir='ltr'><em>eiusmodi</em></span> <span class='ocrx_word' id='word_1_23' title='bbox 1102 841 1244 918; x_wconf 86' lang='lat' dir='ltr'><em>poenas</em></span> <span class='ocrx_word' id='word_1_24' title='bbox 1279 815 1342 890; x_wconf 83' lang='lat' dir='ltr'><em>uel</em></span> 
     </span>
     <span class='ocr_line' id='line_1_5' title="bbox 245 931 1341 1037; baseline -0.002 -27"><span class='ocrx_word' id='word_1_25' title='bbox 245 938 359 1010; x_wconf 85' lang='lat' dir='ltr'><em>etiam</em></span> <span class='ocrx_word' id='word_1_26' title='bbox 390 937 584 1033; x_wconf 80' lang='lat' dir='ltr'><em>graviores</em></span> <span class='ocrx_word' id='word_1_27' title='bbox 611 931 787 1033; x_wconf 87' lang='lat' dir='ltr'><em>pendere.</em></span> <span class='ocrx_word' id='word_1_28' title='bbox 846 933 1022 1037; x_wconf 83' lang='lat' dir='ltr'><em>Namque</em></span> <span class='ocrx_word' id='word_1_29' title='bbox 1053 933 1108 1008; x_wconf 90' lang='lat' dir='ltr'><em>ad</em></span> <span class='ocrx_word' id='word_1_30' title='bbox 1132 933 1175 1008; x_wconf 92' lang='lat' dir='ltr'><em>id</em></span> <span class='ocrx_word' id='word_1_31' title='bbox 1199 950 1341 1034; x_wconf 86' lang='lat' dir='ltr'><em>tempus</em></span> 
     </span>
     <span class='ocr_line' id='line_1_6' title="bbox 203 1047 1343 1154; baseline -0.002 -28"><span class='ocrx_word' id='word_1_32' title='bbox 203 1095 208 1116; x_wconf 63' lang='lat' dir='ltr'><em>a</em></span> <span class='ocrx_word' id='word_1_33' title='bbox 248 1048 436 1135; x_wconf 88' lang='lat' dir='ltr'><em>Graecos,</em></span> <span class='ocrx_word' id='word_1_34' title='bbox 469 1063 616 1124; x_wconf 80' lang='lat' dir='ltr'><em>secutos</em></span> <span class='ocrx_word' id='word_1_35' title='bbox 640 1073 779 1124; x_wconf 91' lang='lat' dir='ltr'><em>morem</em></span> <span class='ocrx_word' id='word_1_36' title='bbox 804 1053 844 1124; x_wconf 88' lang='lat' dir='ltr'><em>in</em></span> <span class='ocrx_word' id='word_1_37' title='bbox 869 1047 975 1125; x_wconf 84' lang='lat' dir='ltr'><em>bellis</em></span> <span class='ocrx_word' id='word_1_38' title='bbox 1000 1054 1196 1152; x_wconf 86' lang='lat' dir='ltr'><em>optimum,</em></span> <span class='ocrx_word' id='word_1_39' title='bbox 1231 1073 1343 1154; x_wconf 89' lang='lat' dir='ltr'><em>quos-</em></span> 
     </span>
     <span class='ocr_line' id='line_1_7' title="bbox 244 1167 1344 1268; baseline 0 -29"><span class='ocrx_word' id='word_1_40' title='bbox 244 1189 389 1267; x_wconf 82' lang='lat' dir='ltr'><em>cunque</em></span> <span class='ocrx_word' id='word_1_41' title='bbox 413 1167 575 1240; x_wconf 77' lang='lat' dir='ltr'><em>lrostium</em></span> <span class='ocrx_word' id='word_1_42' title='bbox 597 1192 729 1267; x_wconf 83' lang='lat' dir='ltr'><em>pugna</em></span> <span class='ocrx_word' id='word_1_43' title='bbox 752 1167 970 1266; x_wconf 87' lang='lat' dir='ltr'><em>conficeret,</em></span> <span class='ocrx_word' id='word_1_44' title='bbox 998 1168 1211 1268; x_wconf 82' lang='lat' dir='ltr'><em>sepulturae</em></span> <span class='ocrx_word' id='word_1_45' title='bbox 1234 1169 1344 1242; x_wconf 88' lang='lat' dir='ltr'><em>resti·</em></span> 
     </span>
     <span class='ocr_line' id='line_1_8' title="bbox 245 1282 1343 1386; baseline 0 -30"><span class='ocrx_word' id='word_1_46' title='bbox 245 1299 350 1358; x_wconf 87' lang='lat' dir='ltr'><em>tuere</em></span> <span class='ocrx_word' id='word_1_47' title='bbox 373 1282 525 1358; x_wconf 80' lang='lat' dir='ltr'><em>solitos.-</em></span> <span class='ocrx_word' id='word_1_48' title='bbox 556 1298 687 1358; x_wconf 90' lang='lat' dir='ltr'><em>contro</em></span> <span class='ocrx_word' id='word_1_49' title='bbox 717 1282 936 1374; x_wconf 81' lang='lat' dir='ltr'><em>Hectorem,</em></span> <span class='ocrx_word' id='word_1_50' title='bbox 969 1309 1248 1386; x_wconf 81' lang='lat' dir='ltr'><em>supergressum</em></span> <span class='ocrx_word' id='word_1_51' title='bbox 1275 1285 1343 1358; x_wconf 87' lang='lat' dir='ltr'><em>lm-</em></span> 
     </span>
     <span class='ocr_line' id='line_1_9' title="bbox 243 1399 1343 1502; baseline 0 -28"><span class='ocrx_word' id='word_1_52' title='bbox 243 1402 438 1474; x_wconf 87' lang='lat' dir='ltr'><em>monitotis</em></span> <span class='ocrx_word' id='word_1_53' title='bbox 455 1399 615 1490; x_wconf 74' lang='lat' dir='ltr'><em>modion,</em></span> <span class='ocrx_word' id='word_1_54' title='bbox 640 1399 855 1474; x_wconf 70' lang='lat' dir='ltr'><em>Patroclum</em></span> <span class='ocrx_word' id='word_1_55' title='bbox 876 1403 1020 1501; x_wconf 87' lang='lat' dir='ltr'><em>eripere</em></span> <span class='ocrx_word' id='word_1_56' title='bbox 1037 1399 1184 1502; x_wconf 87' lang='lat' dir='ltr'><em>proelio</em></span> <span class='ocrx_word' id='word_1_57' title='bbox 1199 1425 1343 1488; x_wconf 79' lang='lat' dir='ltr'><em>mestun,</em></span> 
     </span>
     <span class='ocr_line' id='line_1_10' title="bbox 246 1514 1343 1618; baseline -0.005 -26"><span class='ocrx_word' id='word_1_58' title='bbox 246 1515 393 1592; x_wconf 80' lang='lat' dir='ltr'><em>seilicet</em></span> <span class='ocrx_word' id='word_1_59' title='bbox 410 1514 463 1589; x_wconf 88' lang='lat' dir='ltr'><em>nd</em></span> <span class='ocrx_word' id='word_1_60' title='bbox 484 1515 725 1592; x_wconf 80' lang='lat' dir='ltr'><em>inludendum</em></span> <span class='ocrx_word' id='word_1_61' title='bbox 746 1539 793 1589; x_wconf 88' lang='lat' dir='ltr'><em>nc</em></span> <span class='ocrx_word' id='word_1_62' title='bbox 802 1515 1046 1618; x_wconf 86' lang='lat' dir='ltr'><em>foedandum</em></span> <span class='ocrx_word' id='word_1_63' title='bbox 1066 1515 1226 1593; x_wconf 79' lang='lat' dir='ltr'><em>cadaver</em></span> <span class='ocrx_word' id='word_1_64' title='bbox 1243 1521 1343 1590; x_wconf 70' lang='lat' dir='ltr'><em>eiust</em></span> 
     </span>
     <span class='ocr_line' id='line_1_11' title="bbox 243 1629 1343 1734; baseline 0 -29"><span class='ocrx_word' id='word_1_65' title='bbox 243 1629 350 1734; x_wconf 88' lang='lat' dir='ltr'><em>quod</em></span> <span class='ocrx_word' id='word_1_66' title='bbox 380 1631 591 1732; x_wconf 71' lang='lat' dir='ltr'><em>exemplum</em></span> <span class='ocrx_word' id='word_1_67' title='bbox 617 1636 750 1733; x_wconf 88' lang='lat' dir='ltr'><em>poenis</em></span> <span class='ocrx_word' id='word_1_68' title='bbox 781 1655 828 1706; x_wconf 88' lang='lat' dir='ltr'><em>ac</em></span> <span class='ocrx_word' id='word_1_69' title='bbox 850 1633 1045 1733; x_wconf 83' lang='lat' dir='ltr'><em>suppliciis</em></span> <span class='ocrx_word' id='word_1_70' title='bbox 1068 1657 1196 1707; x_wconf 90' lang='lat' dir='ltr'><em>eorum</em></span> <span class='ocrx_word' id='word_1_71' title='bbox 1220 1631 1343 1706; x_wconf 89' lang='lat' dir='ltr'><em>eluen-</em></span> 
     </span>
     <span class='ocr_line' id='line_1_12' title="bbox 242 1745 1342 1849; baseline -0.001 -27"><span class='ocrx_word' id='word_1_72' title='bbox 242 1745 353 1839; x_wconf 88' lang='lat' dir='ltr'><em>dum,</em></span> <span class='ocrx_word' id='word_1_73' title='bbox 380 1765 422 1822; x_wconf 90' lang='lat' dir='ltr'><em>ut</em></span> <span class='ocrx_word' id='word_1_74' title='bbox 448 1747 592 1824; x_wconf 86' lang='lat' dir='ltr'><em>Graeci</em></span> <span class='ocrx_word' id='word_1_75' title='bbox 613 1772 661 1824; x_wconf 91' lang='lat' dir='ltr'><em>ac</em></span> <span class='ocrx_word' id='word_1_76' title='bbox 683 1749 851 1846; x_wconf 88' lang='lat' dir='ltr'><em>reliquae</em></span> <span class='ocrx_word' id='word_1_77' title='bbox 870 1751 1032 1849; x_wconf 81' lang='lat' dir='ltr'><em>posthac</em></span> <span class='ocrx_word' id='word_1_78' title='bbox 1055 1766 1185 1849; x_wconf 85' lang='lat' dir='ltr'><em>gentes</em></span> <span class='ocrx_word' id='word_1_79' title='bbox 1210 1771 1342 1822; x_wconf 86' lang='lat' dir='ltr'><em>merno-</em></span> 
     </span>
     <span class='ocr_line' id='line_1_13' title="bbox 242 1862 1341 1968; baseline 0 -30"><span class='ocrx_word' id='word_1_80' title='bbox 242 1886 307 1944; x_wconf 85' lang='lat' dir='ltr'><em>rcs</em></span> <span class='ocrx_word' id='word_1_81' title='bbox 339 1862 495 1940; x_wconf 72' lang='lat' dir='ltr'><em>titionis</em></span> <span class='ocrx_word' id='word_1_82' title='bbox 526 1868 630 1956; x_wconf 88' lang='lat' dir='ltr'><em>eius,</em></span> <span class='ocrx_word' id='word_1_83' title='bbox 660 1888 870 1968; x_wconf 90' lang='lat' dir='ltr'><em>moremque</em></span> <span class='ocrx_word' id='word_1_84' title='bbox 903 1867 1085 1941; x_wconf 81' lang='lat' dir='ltr'><em>humanae</em></span> <span class='ocrx_word' id='word_1_85' title='bbox 1115 1863 1341 1938; x_wconf 78' lang='lat' dir='ltr'><em>conditionis</em></span> 
     </span>
     <span class='ocr_line' id='line_1_14' title="bbox 242 1979 1340 2085; baseline -0.002 -31"><span class='ocrx_word' id='word_1_86' title='bbox 242 1993 446 2054; x_wconf 82' lang='lat' dir='ltr'><em>tuerentur.</em></span> <span class='ocrx_word' id='word_1_87' title='bbox 497 1979 590 2054; x_wconf 88' lang='lat' dir='ltr'><em>Non</em></span> <span class='ocrx_word' id='word_1_88' title='bbox 615 1984 715 2054; x_wconf 90' lang='lat' dir='ltr'><em>enim</em></span> <span class='ocrx_word' id='word_1_89' title='bbox 739 1979 907 2056; x_wconf 86' lang='lat' dir='ltr'><em>Helenae</em></span> <span class='ocrx_word' id='word_1_90' title='bbox 928 2005 1047 2085; x_wconf 86' lang='lat' dir='ltr'><em>neque</em></span> <span class='ocrx_word' id='word_1_91' title='bbox 1064 1981 1229 2056; x_wconf 78' lang='lat' dir='ltr'><em>Menelai</em></span> <span class='ocrx_word' id='word_1_92' title='bbox 1251 2003 1340 2080; x_wconf 82' lang='lat' dir='ltr'><em>grn-</em></span> 
     </span>
     <span class='ocr_line' id='line_1_15' title="bbox 243 2079 1341 2202; baseline -0.004 -31"><span class='ocrx_word' id='word_1_93' title='bbox 243 2099 300 2171; x_wconf 84' lang='lat' dir='ltr'><em>tia</em></span> <span class='ocrx_word' id='word_1_94' title='bbox 323 2079 550 2181; x_wconf 61' lang='lat' dir='ltr'><em>elei-ctum,</em></span> <span class='ocrx_word' id='word_1_95' title='bbox 586 2095 729 2171; x_wconf 89' lang='lat' dir='ltr'><em>relictis</em></span> <span class='ocrx_word' id='word_1_96' title='bbox 752 2095 905 2172; x_wconf 85' lang='lat' dir='ltr'><em>sedibus</em></span> <span class='ocrx_word' id='word_1_97' title='bbox 925 2097 1178 2202; x_wconf 67' lang='lat' dir='ltr'><em>parvulisque,</em></span> <span class='ocrx_word' id='word_1_98' title='bbox 1206 2095 1341 2197; x_wconf 84' lang='lat' dir='ltr'><em>procul</em></span> 
     </span>
     <span class='ocr_line' id='line_1_16' title="bbox 240 2209 1340 2316; baseline 0.001 -31"><span class='ocrx_word' id='word_1_99' title='bbox 240 2209 292 2285; x_wconf 84' lang='lat' dir='ltr'><em>ab</em></span> <span class='ocrx_word' id='word_1_100' title='bbox 317 2209 438 2300; x_wconf 88' lang='lat' dir='ltr'><em>domo,</em></span> <span class='ocrx_word' id='word_1_101' title='bbox 465 2227 663 2286; x_wconf 89' lang='lat' dir='ltr'><em>cruentum</em></span> <span class='ocrx_word' id='word_1_102' title='bbox 685 2236 755 2287; x_wconf 91' lang='lat' dir='ltr'><em>suo</em></span> <span class='ocrx_word' id='word_1_103' title='bbox 780 2213 981 2316; x_wconf 78' lang='lat' dir='ltr'><em>hostilique</em></span> <span class='ocrx_word' id='word_1_104' title='bbox 1004 2216 1206 2313; x_wconf 84' lang='lat' dir='ltr'><em>sanguine,</em></span> <span class='ocrx_word' id='word_1_105' title='bbox 1244 2216 1340 2286; x_wconf 88' lang='lat' dir='ltr'><em>inter</em></span> 
     </span>
     <span class='ocr_line' id='line_1_17' title="bbox 240 2325 1339 2428; baseline 0 -28"><span class='ocrx_word' id='word_1_106' title='bbox 240 2329 327 2428; x_wconf 88' lang='lat' dir='ltr'><em>ipsa</em></span> <span class='ocrx_word' id='word_1_107' title='bbox 350 2325 438 2401; x_wconf 82' lang='lat' dir='ltr'><em>tettt</em></span> <span class='ocrx_word' id='word_1_108' title='bbox 469 2325 690 2402; x_wconf 86' lang='lat' dir='ltr'><em>discrimina</em></span> <span class='ocrx_word' id='word_1_109' title='bbox 723 2327 942 2403; x_wconf 79' lang='lat' dir='ltr'><em>huiusmodi</em></span> <span class='ocrx_word' id='word_1_110' title='bbox 964 2329 1135 2402; x_wconf 87' lang='lat' dir='ltr'><em>militiam</em></span> <span class='ocrx_word' id='word_1_111' title='bbox 1160 2327 1339 2418; x_wconf 80' lang='lat' dir='ltr'><em>tolerare,-</em></span> 
     </span>
     <span class='ocr_line' id='line_1_18' title="bbox 241 2439 1342 2546; baseline -0.002 -26"><span class='ocrx_word' id='word_1_112' title='bbox 241 2442 313 2520; x_wconf 87' lang='lat' dir='ltr'><em>sed</em></span> <span class='ocrx_word' id='word_1_113' title='bbox 341 2468 476 2546; x_wconf 88' lang='lat' dir='ltr'><em>cupere</em></span> <span class='ocrx_word' id='word_1_114' title='bbox 511 2443 726 2538; x_wconf 83' lang='lat' dir='ltr'><em>dinoscere,</em></span> <span class='ocrx_word' id='word_1_115' title='bbox 762 2439 961 2521; x_wconf 82' lang='lat' dir='ltr'><em>barbarine</em></span> <span class='ocrx_word' id='word_1_116' title='bbox 989 2443 1176 2520; x_wconf 84' lang='lat' dir='ltr'><em>Graeciae</em></span> <span class='ocrx_word' id='word_1_117' title='bbox 1199 2468 1342 2520; x_wconf 85' lang='lat' dir='ltr'><em>summa</em></span> 
     </span>
    </p>
   </div>
   <div class='ocr_carea' id='block_1_3' title="bbox 244 2661 508 2687">
    <p class='ocr_par' dir='ltr' id='par_1_3' title="bbox 244 2661 508 2687">
     <span class='ocr_line' id='line_1_19' title="bbox 244 2661 508 2687; baseline 0.008 -5"><span class='ocrx_word' id='word_1_118' title='bbox 244 2661 508 2687; x_wconf 53' lang='lat' dir='ltr'><em>-tn—-u-—q</em></span> 
     </span>
    </p>
   </div>
   <div class='ocr_carea' id='block_1_4' title="bbox 311 2749 1346 2914">
    <p class='ocr_par' dir='ltr' id='par_1_4' title="bbox 311 2749 1346 2914">
     <span class='ocr_line' id='line_1_20' title="bbox 311 2749 1346 2914; baseline -0.005 -70"><span class='ocrx_word' id='word_1_119' title='bbox 311 2791 390 2845; x_wconf 77' lang='lat' dir='ltr'><em>Atrei</em></span> <span class='ocrx_word' id='word_1_120' title='bbox 406 2803 489 2914; x_wconf 77' lang='lat' dir='ltr'><em>atque</em></span> <span class='ocrx_word' id='word_1_121' title='bbox 507 2790 577 2864; x_wconf 78' lang='lat' dir='ltr'><em>Pet)</em></span> <span class='ocrx_word' id='word_1_122' title='bbox 612 2793 693 2846; x_wconf 81' lang='lat' dir='ltr'><em>Rern.</em></span> <span class='ocrx_word' id='word_1_123' title='bbox 710 2808 763 2846; x_wconf 86' lang='lat' dir='ltr'><em>om.</em></span> <span class='ocrx_word' id='word_1_124' title='bbox 788 2791 867 2846; x_wconf 81' lang='lat' dir='ltr'><em>Atrei</em></span> <span class='ocrx_word' id='word_1_125' title='bbox 883 2801 976 2863; x_wconf 85' lang='lat' dir='ltr'><em>atque.</em></span> <span class='ocrx_word' id='word_1_126' title='bbox 992 2807 1064 2865; x_wconf 83' lang='lat' dir='ltr'><em>qnae</em></span> <span class='ocrx_word' id='word_1_127' title='bbox 1082 2806 1162 2845; x_wconf 82' lang='lat' dir='ltr'><em>vocer</em></span> <span class='ocrx_word' id='word_1_128' title='bbox 1179 2790 1210 2842; x_wconf 89' lang='lat' dir='ltr'><em>in</em></span> <span class='ocrx_word' id='word_1_129' title='bbox 1227 2789 1256 2842; x_wconf 85' lang='lat' dir='ltr'><em>S.</em></span> <span class='ocrx_word' id='word_1_130' title='bbox 1276 2749 1346 2842; x_wconf 79' lang='lat' dir='ltr'><em>Gall.</em></span> 
     </span>
    </p>
   </div>
   <div class='ocr_carea' id='block_1_5' title="bbox 237 2861 1357 4345">
    <p class='ocr_par' dir='ltr' id='par_1_5' title="bbox 237 2861 1348 3548">
     <span class='ocr_line' id='line_1_21' title="bbox 240 2861 1346 3006; baseline 0.001 -23"><span class='ocrx_word' id='word_1_131' title='bbox 240 2861 816 3006; x_wconf 55' lang='lat' dir='ltr'><em>iii-1.‘lidie‘i”⁰&#39;r0⁰⁰q‘l{l⁹¹¹¹l¹¹i;ii}</em></span> <span class='ocrx_word' id='word_1_132' title='bbox 843 2874 1013 3002; x_wconf 51' lang='lat' dir='ltr'><em>§iiiiii</em></span> <span class='ocrx_word' id='word_1_133' title='bbox 1035 2862 1189 2986; x_wconf 59' lang='lat' dir='ltr'><em>mitti</em></span> <span class='ocrx_word' id='word_1_134' title='bbox 1208 2861 1346 2985; x_wconf 53' lang='lat' dir='ltr'><em>‘isim</em></span> 
     </span>
     <span class='ocr_line' id='line_1_22' title="bbox 241 2953 1346 3146; baseline -0.002 -20"><span class='ocrx_word' id='word_1_135' title='bbox 241 3069 291 3126; x_wconf 91' lang='grc'><em>...</em></span> <span class='ocrx_word' id='word_1_136' title='bbox 310 2953 642 3144; x_wconf 65' lang='lat' dir='ltr'><em>neudum</em></span> <span class='ocrx_word' id='word_1_137' title='bbox 657 3005 762 3146; x_wconf 65' lang='lat' dir='ltr'><em>tm.</em></span> <span class='ocrx_word' id='word_1_138' title='bbox 779 3003 861 3125; x_wconf 61' lang='lat' dir='ltr'><em>‘si</em></span> <span class='ocrx_word' id='word_1_139' title='bbox 873 3004 954 3127; x_wconf 62' lang='grc'><em>11.,</em></span> <span class='ocrx_word' id='word_1_140' title='bbox 963 3019 1153 3140; x_wconf 69' lang='lat' dir='ltr'><em>emm</em></span> <span class='ocrx_word' id='word_1_141' title='bbox 1169 3002 1227 3127; x_wconf 72' lang='lat' dir='ltr'><em>&#39;u</em></span> <span class='ocrx_word' id='word_1_142' title='bbox 1240 3018 1346 3125; x_wconf 78' lang='lat' dir='ltr'><em>m</em></span> 
     </span>
     <span class='ocr_line' id='line_1_23' title="bbox 237 3143 1345 3219; baseline 0.004 -27"><span class='ocrx_word' id='word_1_143' title='bbox 237 3159 336 3216; x_wconf 76' lang='lat' dir='ltr'><em>pugna</em></span> <span class='ocrx_word' id='word_1_144' title='bbox 352 3143 522 3196; x_wconf 74' lang='lat' dir='ltr'><em>nominativo</em></span> <span class='ocrx_word' id='word_1_145' title='bbox 539 3159 604 3197; x_wconf 78' lang='lat' dir='ltr'><em>curu</em></span> <span class='ocrx_word' id='word_1_146' title='bbox 622 3147 766 3214; x_wconf 78' lang='lat' dir='ltr'><em>accipitur.</em></span> <span class='ocrx_word' id='word_1_147' title='bbox 802 3143 880 3197; x_wconf 80' lang='lat' dir='ltr'><em>Libri</em></span> <span class='ocrx_word' id='word_1_148' title='bbox 903 3144 959 3198; x_wconf 85' lang='lat' dir='ltr'><em>mei</em></span> <span class='ocrx_word' id='word_1_149' title='bbox 976 3145 1075 3219; x_wconf 77' lang='lat' dir='ltr'><em>sepult.</em></span> <span class='ocrx_word' id='word_1_150' title='bbox 1092 3157 1171 3208; x_wconf 77' lang='lat' dir='ltr'><em>rest,</em></span> <span class='ocrx_word' id='word_1_151' title='bbox 1197 3161 1255 3197; x_wconf 86' lang='lat' dir='ltr'><em>non</em></span> <span class='ocrx_word' id='word_1_152' title='bbox 1278 3155 1345 3198; x_wconf 79' lang='lat' dir='ltr'><em>rest·</em></span> 
     </span>
     <span class='ocr_line' id='line_1_24' title="bbox 241 3231 298 3266; baseline 0.018 -1"><span class='ocrx_word' id='word_1_153' title='bbox 241 3231 270 3266; x_wconf 83' lang='lat' dir='ltr'><em>re</em></span> <span class='ocrx_word' id='word_1_154' title='bbox 292 3247 298 3260; x_wconf 88' lang='lat'><strong>·</strong></span> 
     </span>
     <span class='ocr_line' id='line_1_25' title="bbox 270 3229 1347 3352; baseline 0.002 -20"><span class='ocrx_word' id='word_1_155' title='bbox 270 3229 351 3333; x_wconf 59' lang='lat' dir='ltr'><em>ped</em></span> <span class='ocrx_word' id='word_1_156' title='bbox 369 3277 562 3352; x_wconf 83' lang='lat' dir='ltr'><em>inludendum)</em></span> <span class='ocrx_word' id='word_1_157' title='bbox 600 3285 641 3334; x_wconf 82' lang='lat' dir='ltr'><em>ite</em></span> <span class='ocrx_word' id='word_1_158' title='bbox 668 3285 695 3342; x_wconf 86' lang='lat' dir='ltr'><em>S.</em></span> <span class='ocrx_word' id='word_1_159' title='bbox 723 3283 793 3336; x_wconf 80' lang='lat' dir='ltr'><em>Gall.</em></span> <span class='ocrx_word' id='word_1_160' title='bbox 815 3299 867 3337; x_wconf 78' lang='lat' dir='ltr'><em>eeo</em></span> <span class='ocrx_word' id='word_1_161' title='bbox 892 3283 934 3336; x_wconf 78' lang='lat' dir='ltr'><em>lx.</em></span> <span class='ocrx_word' id='word_1_162' title='bbox 970 3285 1002 3336; x_wconf 87' lang='lat' dir='ltr'><em>In</em></span> <span class='ocrx_word' id='word_1_163' title='bbox 1025 3291 1090 3340; x_wconf 73' lang='lat' dir='ltr'><em>cett,</em></span> <span class='ocrx_word' id='word_1_164' title='bbox 1115 3281 1155 3338; x_wconf 87' lang='lat' dir='ltr'><em>ad</em></span> <span class='ocrx_word' id='word_1_165' title='bbox 1179 3281 1260 3338; x_wconf 82' lang='lat' dir='ltr'><em>illud.</em></span> <span class='ocrx_word' id='word_1_166' title='bbox 1296 3283 1347 3334; x_wconf 81' lang='lat' dir='ltr'><em>Ed.</em></span> 
     </span>
     <span class='ocr_line' id='line_1_26' title="bbox 241 3348 1347 3411; baseline -0.003 -6"><span class='ocrx_word' id='word_1_167' title='bbox 241 3349 308 3405; x_wconf 87' lang='lat' dir='ltr'><em>Obr.</em></span> <span class='ocrx_word' id='word_1_168' title='bbox 328 3348 367 3403; x_wconf 89' lang='lat' dir='ltr'><em>ad</em></span> <span class='ocrx_word' id='word_1_169' title='bbox 382 3350 541 3405; x_wconf 86' lang='lat' dir='ltr'><em>ludendum.</em></span> <span class='ocrx_word' id='word_1_170' title='bbox 576 3351 629 3406; x_wconf 87' lang='lat' dir='ltr'><em>Sed</em></span> <span class='ocrx_word' id='word_1_171' title='bbox 648 3353 767 3410; x_wconf 86' lang='lat' dir='ltr'><em>illudere</em></span> <span class='ocrx_word' id='word_1_172' title='bbox 785 3357 814 3406; x_wconf 89' lang='lat' dir='ltr'><em>in</em></span> <span class='ocrx_word' id='word_1_173' title='bbox 832 3355 927 3408; x_wconf 83' lang='lat' dir='ltr'><em>eedem</em></span> <span class='ocrx_word' id='word_1_174' title='bbox 948 3371 978 3408; x_wconf 87' lang='lat' dir='ltr'><em>re</em></span> <span class='ocrx_word' id='word_1_175' title='bbox 996 3371 1020 3411; x_wconf 86' lang='lat' dir='ltr'><em>c.</em></span> <span class='ocrx_word' id='word_1_176' title='bbox 1042 3373 1082 3410; x_wconf 81' lang='lat' dir='ltr'><em>ro.</em></span> <span class='ocrx_word' id='word_1_177' title='bbox 1100 3364 1130 3408; x_wconf 75' lang='lat' dir='ltr'><em>et</em></span> <span class='ocrx_word' id='word_1_178' title='bbox 1147 3355 1192 3407; x_wconf 84' lang='lat' dir='ltr'><em>tv.</em></span> <span class='ocrx_word' id='word_1_179' title='bbox 1212 3373 1250 3408; x_wconf 79' lang='lat' dir='ltr'><em>en.</em></span> <span class='ocrx_word' id='word_1_180' title='bbox 1271 3354 1347 3406; x_wconf 77' lang='lat' dir='ltr'><em>inira</em></span> 
     </span>
     <span class='ocr_line' id='line_1_27' title="bbox 239 3421 1348 3506; baseline 0.002 -31"><span class='ocrx_word' id='word_1_181' title='bbox 239 3425 320 3506; x_wconf 75' lang='lat' dir='ltr'><em>Bern.</em></span> <span class='ocrx_word' id='word_1_182' title='bbox 334 3461 341 3484; x_wconf 92' lang='lat'>,</span> <span class='ocrx_word' id='word_1_183' title='bbox 356 3421 383 3474; x_wconf 91' lang='grc'><em>8.</em></span> <span class='ocrx_word' id='word_1_184' title='bbox 401 3421 474 3474; x_wconf 77' lang='lat' dir='ltr'><em>Gall.</em></span> <span class='ocrx_word' id='word_1_185' title='bbox 494 3439 557 3493; x_wconf 86' lang='lat' dir='ltr'><em>opp.</em></span> <span class='ocrx_word' id='word_1_186' title='bbox 576 3431 606 3478; x_wconf 80' lang='lat' dir='ltr'><em>et</em></span> <span class='ocrx_word' id='word_1_187' title='bbox 624 3425 673 3478; x_wconf 76' lang='lat' dir='ltr'><em>Et.</em></span> <span class='ocrx_word' id='word_1_188' title='bbox 691 3427 778 3480; x_wconf 82' lang='lat' dir='ltr'><em>Princ.</em></span> <span class='ocrx_word' id='word_1_189' title='bbox 796 3439 827 3480; x_wconf 86' lang='lat' dir='ltr'><em>ut</em></span> <span class='ocrx_word' id='word_1_190' title='bbox 845 3427 983 3480; x_wconf 84' lang='lat' dir='ltr'><em>Graeciae</em></span> <span class='ocrx_word' id='word_1_191' title='bbox 999 3445 1042 3482; x_wconf 85' lang='lat' dir='ltr'><em>ac.</em></span> <span class='ocrx_word' id='word_1_192' title='bbox 1061 3427 1134 3478; x_wconf 78' lang='lat' dir='ltr'><em>sorte</em></span> <span class='ocrx_word' id='word_1_193' title='bbox 1154 3438 1247 3497; x_wconf 85' lang='lat' dir='ltr'><em>prout</em></span> <span class='ocrx_word' id='word_1_194' title='bbox 1258 3427 1348 3478; x_wconf 76' lang='lat' dir='ltr'><em>Grue-</em></span> 
     </span>
     <span class='ocr_line' id='line_1_28' title="bbox 240 3509 347 3548; baseline -0.028 -1"><span class='ocrx_word' id='word_1_195' title='bbox 240 3509 287 3548; x_wconf 80' lang='lat' dir='ltr'><em>cra</em></span> <span class='ocrx_word' id='word_1_196' title='bbox 305 3509 347 3548; x_wconf 89' lang='lat' dir='ltr'><em>ac.</em></span> 
     </span>
    </p>

    <p class='ocr_par' dir='ltr' id='par_1_6' title="bbox 240 3564 1357 4201">
     <span class='ocr_line' id='line_1_29' title="bbox 311 3564 1350 3640; baseline 0.002 -24"><span class='ocrx_word' id='word_1_197' title='bbox 311 3579 443 3618; x_wconf 77' lang='lat' dir='ltr'><em>memores</em></span> <span class='ocrx_word' id='word_1_198' title='bbox 460 3564 578 3620; x_wconf 81' lang='lat' dir='ltr'><em>ultionis</em></span> <span class='ocrx_word' id='word_1_199' title='bbox 595 3566 674 3630; x_wconf 77' lang='lat' dir='ltr'><em>eius,</em></span> <span class='ocrx_word' id='word_1_200' title='bbox 692 3568 859 3640; x_wconf 85' lang='lat' dir='ltr'><em>moremque)</em></span> <span class='ocrx_word' id='word_1_201' title='bbox 895 3565 1054 3634; x_wconf 79' lang='lat' dir='ltr'><em>Legendum</em></span> <span class='ocrx_word' id='word_1_202' title='bbox 1072 3573 1141 3635; x_wconf 85' lang='lat' dir='ltr'><em>puto</em></span> <span class='ocrx_word' id='word_1_203' title='bbox 1159 3583 1260 3618; x_wconf 85' lang='lat' dir='ltr'><em>morem</em></span> <span class='ocrx_word' id='word_1_204' title='bbox 1277 3584 1350 3640; x_wconf 86' lang='lat' dir='ltr'><em>quo·</em></span> 
     </span>
     <span class='ocr_line' id='line_1_30' title="bbox 241 3633 1351 3709; baseline 0.004 -23"><span class='ocrx_word' id='word_1_205' title='bbox 241 3651 303 3707; x_wconf 86' lang='lat' dir='ltr'><em>que.</em></span> <span class='ocrx_word' id='word_1_206' title='bbox 341 3633 391 3684; x_wconf 89' lang='lat' dir='ltr'><em>Vel</em></span> <span class='ocrx_word' id='word_1_207' title='bbox 410 3635 494 3685; x_wconf 85' lang='lat' dir='ltr'><em>etiam</em></span> <span class='ocrx_word' id='word_1_208' title='bbox 513 3653 565 3709; x_wconf 88' lang='lat' dir='ltr'><em>que</em></span> <span class='ocrx_word' id='word_1_209' title='bbox 583 3653 633 3707; x_wconf 89' lang='lat' dir='ltr'><em>per</em></span> <span class='ocrx_word' id='word_1_210' title='bbox 652 3653 695 3688; x_wconf 87' lang='lat' dir='ltr'><em>me</em></span> <span class='ocrx_word' id='word_1_211' title='bbox 715 3638 849 3700; x_wconf 83' lang='lat' dir='ltr'><em>delentur,</em></span> <span class='ocrx_word' id='word_1_212' title='bbox 871 3638 925 3689; x_wconf 87' lang='lat' dir='ltr'><em>niei</em></span> <span class='ocrx_word' id='word_1_213' title='bbox 944 3637 1012 3690; x_wconf 84' lang='lat' dir='ltr'><em>velie</em></span> <span class='ocrx_word' id='word_1_214' title='bbox 1031 3653 1162 3690; x_wconf 84' lang='lat' dir='ltr'><em>memores</em></span> <span class='ocrx_word' id='word_1_215' title='bbox 1178 3639 1351 3690; x_wconf 79' lang='lat' dir='ltr'><em>errentulti-</em></span> 
     </span>
     <span class='ocr_line' id='line_1_31' title="bbox 240 3705 1351 3780; baseline 0 -23"><span class='ocrx_word' id='word_1_216' title='bbox 240 3705 304 3758; x_wconf 82' lang='lat' dir='ltr'><em>onie</em></span> <span class='ocrx_word' id='word_1_217' title='bbox 321 3705 396 3766; x_wconf 83' lang='lat' dir='ltr'><em>eius,</em></span> <span class='ocrx_word' id='word_1_218' title='bbox 416 3723 579 3780; x_wconf 86' lang='lat' dir='ltr'><em>moremque.</em></span> <span class='ocrx_word' id='word_1_219' title='bbox 596 3709 740 3762; x_wconf 77' lang='lat' dir='ltr'><em>Worxem.</em></span> <span class='ocrx_word' id='word_1_220' title='bbox 759 3725 786 3778; x_wconf 87' lang='lat' dir='ltr'><em>p.</em></span> <span class='ocrx_word' id='word_1_221' title='bbox 799 3711 843 3778; x_wconf 69' lang='grc'><em>64.</em></span> <span class='ocrx_word' id='word_1_222' title='bbox 880 3707 1001 3760; x_wconf 85' lang='lat' dir='ltr'><em>Omnino</em></span> <span class='ocrx_word' id='word_1_223' title='bbox 1017 3709 1162 3776; x_wconf 80' lang='lat' dir='ltr'><em>legendnm</em></span> <span class='ocrx_word' id='word_1_224' title='bbox 1178 3707 1351 3780; x_wconf 86' lang='lat' dir='ltr'><em>modumque.</em></span> 
     </span>
     <span class='ocr_line' id='line_1_32' title="bbox 241 3775 1352 3848; baseline 0.002 -21"><span class='ocrx_word' id='word_1_225' title='bbox 241 3775 370 3831; x_wconf 77' lang='lat' dir='ltr'><em>Decerne.</em></span> <span class='ocrx_word' id='word_1_226' title='bbox 407 3775 448 3826; x_wconf 88' lang='lat' dir='ltr'><em>De</em></span> <span class='ocrx_word' id='word_1_227' title='bbox 468 3777 620 3847; x_wconf 77' lang='lat' dir='ltr'><em>elliprirlu</em></span> <span class='ocrx_word' id='word_1_228' title='bbox 639 3791 730 3832; x_wconf 86' lang='lat' dir='ltr'><em>errent</em></span> <span class='ocrx_word' id='word_1_229' title='bbox 747 3795 798 3848; x_wconf 76' lang='lat' dir='ltr'><em>ago</em></span> <span class='ocrx_word' id='word_1_230' title='bbox 817 3783 848 3832; x_wconf 89' lang='lat' dir='ltr'><em>in</em></span> <span class='ocrx_word' id='word_1_231' title='bbox 867 3778 956 3832; x_wconf 88' lang='lat' dir='ltr'><em>Gloee.</em></span> <span class='ocrx_word' id='word_1_232' title='bbox 994 3781 1025 3830; x_wconf 87' lang='lat' dir='ltr'><em>ln</em></span> <span class='ocrx_word' id='word_1_233' title='bbox 1047 3795 1103 3830; x_wconf 84' lang='lat' dir='ltr'><em>rem</em></span> <span class='ocrx_word' id='word_1_234' title='bbox 1117 3779 1352 3832; x_wconf 78' lang='lat' dir='ltr'><em>Decerieeiacere</em></span> 
     </span>
     <span class='ocr_line' id='line_1_33' title="bbox 242 3844 1354 3921; baseline 0.001 -25"><span class='ocrx_word' id='word_1_235' title='bbox 242 3847 296 3898; x_wconf 85' lang='lat' dir='ltr'><em>tibi</em></span> <span class='ocrx_word' id='word_1_236' title='bbox 315 3844 461 3898; x_wconf 83' lang='lat' dir='ltr'><em>videantur</em></span> <span class='ocrx_word' id='word_1_237' title='bbox 487 3849 681 3917; x_wconf 80' lang='lat' dir='ltr'><em>praecedentia</em></span> <span class='ocrx_word' id='word_1_238' title='bbox 704 3867 908 3921; x_wconf 76' lang='lat' dir='ltr'><em>supergressum</em></span> <span class='ocrx_word' id='word_1_239' title='bbox 935 3849 1117 3902; x_wconf 75' lang='lat' dir='ltr'><em>humanitatis</em></span> <span class='ocrx_word' id='word_1_240' title='bbox 1141 3847 1259 3902; x_wconf 87' lang='lat' dir='ltr'><em>modum.</em></span> <span class='ocrx_word' id='word_1_241' title='bbox 1295 3847 1354 3901; x_wconf 78' lang='lat' dir='ltr'><em>Sed</em></span> 
     </span>
     <span class='ocr_line' id='line_1_34' title="bbox 243 3913 1354 3994; baseline 0.005 -28"><span class='ocrx_word' id='word_1_242' title='bbox 243 3915 341 3968; x_wconf 83' lang='lat' dir='ltr'><em>eodem</em></span> <span class='ocrx_word' id='word_1_243' title='bbox 363 3913 445 3968; x_wconf 85' lang='lat' dir='ltr'><em>modo</em></span> <span class='ocrx_word' id='word_1_244' title='bbox 468 3917 565 3972; x_wconf 76' lang='lat' dir='ltr'><em>Livius</em></span> <span class='ocrx_word' id='word_1_245' title='bbox 586 3919 679 3974; x_wconf 80' lang='lat' dir='ltr'><strong>XXVI·</strong></span> <span class='ocrx_word' id='word_1_246' title='bbox 698 3923 740 3988; x_wconf 76' lang='grc'><em>48.</em></span> <span class='ocrx_word' id='word_1_247' title='bbox 758 3923 901 3989; x_wconf 78' lang='lat' dir='ltr'><em>coniungit</em></span> <span class='ocrx_word' id='word_1_248' title='bbox 918 3918 1027 3973; x_wconf 89' lang='lat' dir='ltr'><em>modum</em></span> <span class='ocrx_word' id='word_1_249' title='bbox 1045 3917 1273 3994; x_wconf 76' lang='lat' dir='ltr'><em>modestiamque,</em></span> <span class='ocrx_word' id='word_1_250' title='bbox 1315 3937 1354 3972; x_wconf 84' lang='lat' dir='ltr'><em>uo</em></span> 
     </span>
     <span class='ocr_line' id='line_1_35' title="bbox 245 3985 1356 4074; baseline 0.005 -38"><span class='ocrx_word' id='word_1_251' title='bbox 245 3985 311 4038; x_wconf 79' lang='lat' dir='ltr'><em>sul.</em></span> <span class='ocrx_word' id='word_1_252' title='bbox 331 3987 391 4039; x_wconf 83' lang='lat' dir='ltr'><em>Cet.</em></span> <span class='ocrx_word' id='word_1_253' title='bbox 411 3987 452 4040; x_wconf 79' lang='lat'><em>50.</em></span> <span class='ocrx_word' id='word_1_254' title='bbox 472 3995 501 4041; x_wconf 81' lang='lat' dir='ltr'><em>et</em></span> <span class='ocrx_word' id='word_1_255' title='bbox 519 3989 634 4058; x_wconf 84' lang='lat' dir='ltr'><em>Septim.</em></span> <span class='ocrx_word' id='word_1_256' title='bbox 653 3989 684 4042; x_wconf 91' lang='grc'><em>11.</em></span> <span class='ocrx_word' id='word_1_257' title='bbox 703 4007 744 4042; x_wconf 72' lang='grc' dir='ltr'><em>αι.</em></span> <span class='ocrx_word' id='word_1_258' title='bbox 766 4009 869 4045; x_wconf 89' lang='lat' dir='ltr'><em>morem</em></span> <span class='ocrx_word' id='word_1_259' title='bbox 883 3987 1116 4074; x_wconf 78' lang='lat' dir='ltr'><em>modestiamque·</em></span> <span class='ocrx_word' id='word_1_260' title='bbox 1134 4001 1164 4042; x_wconf 83' lang='lat' dir='ltr'><em>et</em></span> <span class='ocrx_word' id='word_1_261' title='bbox 1180 3993 1281 4060; x_wconf 78' lang='lat' dir='ltr'><em>passim</em></span> <span class='ocrx_word' id='word_1_262' title='bbox 1322 4007 1356 4042; x_wconf 92' lang='lat' dir='ltr'><em>o-</em></span> 
     </span>
     <span class='ocr_line' id='line_1_36' title="bbox 248 4033 1357 4133; baseline 0.004 -25"><span class='ocrx_word' id='word_1_263' title='bbox 248 4073 308 4108; x_wconf 87' lang='lat' dir='ltr'><em>rum</em></span> <span class='ocrx_word' id='word_1_264' title='bbox 328 4057 511 4126; x_wconf 75' lang='lat' dir='ltr'><em>promiscuum</em></span> <span class='ocrx_word' id='word_1_265' title='bbox 534 4061 663 4114; x_wconf 85' lang='lat' dir='ltr'><em>obtinere</em></span> <span class='ocrx_word' id='word_1_266' title='bbox 687 4077 765 4112; x_wconf 85' lang='lat' dir='ltr'><em>uenm</em></span> <span class='ocrx_word' id='word_1_267' title='bbox 785 4070 860 4114; x_wconf 82' lang='lat' dir='ltr'><em>recte</em></span> <span class='ocrx_word' id='word_1_268' title='bbox 877 4061 1073 4117; x_wconf 74' lang='lat' dir='ltr'><em>rnimadverus</em></span> <span class='ocrx_word' id='word_1_269' title='bbox 1091 4033 1297 4133; x_wconf 66' lang='lat' dir='ltr'><em>Wopkeneim,</em></span> <span class='ocrx_word' id='word_1_270' title='bbox 1324 4069 1357 4113; x_wconf 85' lang='lat' dir='ltr'><em>et</em></span> 
     </span>
     <span class='ocr_line' id='line_1_37' title="bbox 246 4129 851 4201; baseline 0.013 -21"><span class='ocrx_word' id='word_1_271' title='bbox 246 4141 298 4180; x_wconf 85' lang='lat' dir='ltr'><em>noe</em></span> <span class='ocrx_word' id='word_1_272' title='bbox 315 4131 472 4183; x_wconf 80' lang='lat' dir='ltr'><em>monuimus</em></span> <span class='ocrx_word' id='word_1_273' title='bbox 488 4131 524 4182; x_wconf 84' lang='lat' dir='ltr'><em>ed</em></span> <span class='ocrx_word' id='word_1_274' title='bbox 542 4129 592 4182; x_wconf 87' lang='lat' dir='ltr'><em>lib.</em></span> <span class='ocrx_word' id='word_1_275' title='bbox 613 4132 634 4185; x_wconf 89' lang='lat'><em>1.</em></span> <span class='ocrx_word' id='word_1_276' title='bbox 652 4149 678 4201; x_wconf 78' lang='lat'><em>9·</em></span> <span class='ocrx_word' id='word_1_277' title='bbox 698 4131 743 4186; x_wconf 86' lang='lat' dir='ltr'><em>ct.</em></span> <span class='ocrx_word' id='word_1_278' title='bbox 761 4132 851 4188; x_wconf 79' lang='lat' dir='ltr'><em>Glose-</em></span> 
     </span>
    </p>

    <p class='ocr_par' dir='ltr' id='par_1_7' title="bbox 315 4199 876 4268">
     <span class='ocr_line' id='line_1_38' title="bbox 315 4199 876 4268; baseline 0.012 -19"><span class='ocrx_word' id='word_1_279' title='bbox 315 4199 458 4268; x_wconf 87' lang='lat' dir='ltr'><em>militiam)</em></span> <span class='ocrx_word' id='word_1_280' title='bbox 495 4201 522 4252; x_wconf 92' lang='lat' dir='ltr'><em>S.</em></span> <span class='ocrx_word' id='word_1_281' title='bbox 541 4202 612 4253; x_wconf 84' lang='lat' dir='ltr'><em>Geli.</em></span> <span class='ocrx_word' id='word_1_282' title='bbox 629 4218 683 4259; x_wconf 85' lang='lat' dir='ltr'><em>eec.</em></span> <span class='ocrx_word' id='word_1_283' title='bbox 701 4203 745 4254; x_wconf 82' lang='lat' dir='ltr'><em>tx.</em></span> <span class='ocrx_word' id='word_1_284' title='bbox 764 4203 876 4256; x_wconf 86' lang='lat' dir='ltr'><em>militia.</em></span> 
     </span>
    </p>

    <p class='ocr_par' dir='ltr' id='par_1_8' title="bbox 314 4267 1357 4345">
     <span class='ocr_line' id='line_1_39' title="bbox 314 4267 1357 4345; baseline 0.004 -25"><span class='ocrx_word' id='word_1_285' title='bbox 314 4267 468 4328; x_wconf 73' lang='lat' dir='ltr'><em>barbarice</em></span> <span class='ocrx_word' id='word_1_286' title='bbox 489 4272 639 4345; x_wconf 81' lang='lat' dir='ltr'><em>Graecina)</em></span> <span class='ocrx_word' id='word_1_287' title='bbox 674 4271 834 4343; x_wconf 74' lang='lat' dir='ltr'><em>Elegantius</em></span> <span class='ocrx_word' id='word_1_288' title='bbox 851 4276 883 4327; x_wconf 85' lang='lat' dir='ltr'><em>in</em></span> <span class='ocrx_word' id='word_1_289' title='bbox 904 4273 1013 4328; x_wconf 80' lang='lat' dir='ltr'><em>duobus</em></span> <span class='ocrx_word' id='word_1_290' title='bbox 1033 4271 1109 4326; x_wconf 79' lang='grc'><strong>1188.</strong></span> <span class='ocrx_word' id='word_1_291' title='bbox 1127 4271 1221 4326; x_wconf 77' lang='lat' dir='ltr'><em>inveni</em></span> <span class='ocrx_word' id='word_1_292' title='bbox 1235 4270 1357 4326; x_wconf 81' lang='lat' dir='ltr'><em>barbari</em></span> 
     </span>
    </p>
   </div>
   <div class='ocr_carea' id='block_1_6' title="bbox 0 0 1443 4688">
    <p class='ocr_par' dir='ltr' id='par_1_9' title="bbox 0 0 1443 4688">
     <span class='ocr_line' id='line_1_40' title="bbox 0 0 1443 4688; baseline 0 0"><span class='ocrx_word' id='word_1_293' title='bbox 0 0 1443 4688; x_wconf 95' lang='lat' dir='ltr'><em> </em></span> 
     </span>
    </p>
   </div>
  </div>
 </body>
</html>
