2782 4700
223 331 296 404 232
587 345 719 403 orons
746 347 926 401 summere

220 543 336 631 hunt}
366 541 418 618 ob
449 537 670 647 eripienda,
704 561 804 641 quae
836 561 965 615 secum
989 537 1196 634 habuerat,
1229 543 1298 620 eir·

220 675 423 734 cumventn
455 656 656 732 interierit.
714 657 819 730 Haec
843 653 891 730 de
915 659 1118 734 Memnone
1144 658 1298 765 eiusque
1362 673 1363 680 ’

220 799 348 850 sorore
373 791 566 876 comperta
591 769 687 846 mihi
715 795 786 875 per
809 773 1115 876 Neoptolemum.

319 891 384 965 Xl.
434 893 520 963 Post
544 913 645 990 quae
668 886 861 992 profectus
885 891 1054 977 Cretam,
1085 913 1189 966 anno
1219 911 1299 995 post

222 1006 379 1083 nomine
415 1005 572 1108 publico
602 1030 694 1078 cum
728 1001 880 1078 duobus
912 1004 997 1078 aliis
1028 1002 1077 1079 ad
1102 1009 1298 1082 oraculum

221 1122 411 1228 Apollinis
435 1118 648 1195 remedium
666 1120 831 1227 petitum
851 1121 975 1197 venio.
1001 1123 1174 1226 Namque
1194 1125 1297 1199 nulls

222 1259 323 1315 certe
349 1263 460 1312 cause
484 1262 530 1314 ex
556 1239 761 1344 improviso
788 1248 893 1314 tanta
912 1239 967 1313 v'is
990 1240 1224 1315 locustarum
1245 1243 1297 1316 in·

221 1359 343 1433 sulam
368 1381 452 1432 enm
477 1357 679 1448 invaserat,
705 1356 765 1432 uti
790 1375 929 1432 cuncta
954 1356 1175 1448 fruetuum,
1202 1385 1297 1462 quae

222 1475 265 1548 in
295 1475 394 1576 egris
425 1492 553 1562 erant,
586 1493 940 1577 corrumperentur.
1001 1478 1136 1577 Itaque
1171 1477 1297 1550 multis

221 1590 399 1695 precihus
424 1589 700 1694 suppliciisque
722 1615 898 1692 responso
923 1588 1062 1678 editur,
1089 1589 1214 1666 divina
1237 1616 1299 1692 ope

220 1707 397 1780 animalia
422 1710 634 1792 interitura,
669 1705 896 1805 insulamque
933 1722 1111 1806 proventu
1141 1706 1300 1807 frugum

225 1823 325 1900 brevi
335 1823 636 1899 redundaturum.
660 1823 761 1898 Dein
774 1823 951 1926 navigare
962 1823 1166 1929 cupientes,
1179 1824 1227 1899 ab
1239 1825 1297 1913 his,

225 1941 296 2045 qni
330 1939 435 2044 apud
467 1939 637 2044 Delphos
667 1959 797 2030 erant,
824 1940 1094 2046 prohibemur:
1134 1945 1300 2044 importu-

226 2087 311 2136 num
329 2083 484 2163 nomque
500 2076 536 2134 et
541 2063 787 2158 perniciosum
806 2076 947 2160 tempus
963 2085 1051 2136 esse.
1079 2059 1297 2166 Lycophron

225 2195 264 2251 et
288 2177 437 2261 lxneus,
460 2174 529 2277 qui
556 2201 634 2251 unn
667 2173 717 2248 nd
751 2177 951 2250 oraculum
987 2195 1186 2266 venerant,
1219 2201 1298 2250 con·

229 2289 365 2368 temtui
392 2290 588 2382 habentes.
611 2290 821 2368 escendunt
838 2317 982 2385 novem,
1002 2291 1206 2397 medioque
1228 2291 1297 2366 lere

227 2603 273 2654 rit.
305 2598 330 2652 S·
353 2595 424 2652 Galt
444 2613 510 2668 opp.
525 2597 697 2669 processerit.
721 2596 865 2665 Corrupto.
884 2593 1063 2648 oscitantium
1082 2595 1210 2652 videlicet
1225 2595 1297 2650 libre·

227 2675 329 2728 riorum
348 2671 433 2720 menti
454 2667 576 2722 inhaesit
593 2667 757 2734 praecedens
776 2667 929 2721 excesserit.
947 2663 980 2718 cl.
1001 2667 1089 2721 Glose.

301 2743 342 2800 xl.
377 2741 442 2796 Post
459 2759 530 2812 quae
546 2737 630 2810 prof)
676 2737 814 2788 Commste
837 2743 898 2804 post
924 2737 1130 2808 Neoptolemum
1154 2738 1243 2807 posito
1265 2735 1298 2788 tie

227 2815 350 2882 pergitur
369 2813 399 2865 in
428 2812 476 2869 Ed.
494 2814 575 2864 Merc.
593 2819 738 2880 postquam
755 2807 829 2890 prpfi
846 2807 927 2860 Crete
943 2826 1019 2860 nuno
1079 2821 1105 2862 st
1123 2828 1194 2868 nom.
1226 2809 1297 2862 Post·

229 2901 313 2957 quarn
332 2892 373 2936 est
390 2885 471 2934 etium
492 2885 520 2934 in
540 2881 621 2931 Rern.
641 2885 669 2930 et
691 2877 740 2936 Ed,
760 2877 864 2930 Petne:
883 2877 931 2930 setl
951 2879 979 2930 in
998 2828 1095 2938 lindiam
1117 2881 1238 2946 Cretam
1264 2885 1297 2931 st-

229 2953 332 3026 quein
352 2963 468 3021 utroque
487 2954 513 3006 S.
534 2950 615 3013 Gall,
634 2947 682 3002 Ed.
704 2947 773 3000 Cret.
795 2955 822 3000 et
840 2945 906 3001 Obr.
926 2947 990 3002 Post
1008 2967 1080 3020 quae
1099 2978 1132 2993 -
1153 2951 1263 3008 Creten.

300 3023 506 3090 insulensem)
542 3021 613 3088 Lege
630 3035 725 3102 mean,
745 3017 812 3101 dicit
832 3017 961 3072 Orellins.
980 3019 1061 3072 Bene.

231 3083 1302 3232 ..11”ttt''3t.“‘ll.'l..¹i.¹¹l2¹1..⁸¹:⁹¹..t‘...l3{⁶'.’..l¹.¹ilt²t¹3‘litt·il

231 3233 261 3285 in
282 3231 327 3285 Ed.
349 3231 412 3282 Cret
439 3239 466 3282 et
489 3229 555 3282 Obr.
618 3231 756 3298 ignissimn
780 3227 912 3298 Septimio
939 3229 1041 3284 locutio
1058 3251 1189 3304 responso
1205 3231 1301 3292 editum

231 3321 314 3374 quom
339 3319 394 3355 nou
422 3300 503 3370 plone
531 3299 711 3351 damnandnm
741 3307 819 3368 putot
849 3299 994 3366 Wopkens.
1018 3320 1044 3369 p.
1074 3319 1132 3361 ron.
1157 3301 1192 3356 of.
1224 3303 1299 3354 Glosr.

230 3374 346 3429 Ablotivi
371 3373 561 3439 praecedentes
580 3372 673 3423 multis
687 3371 814 3442 precibus
833 3373 1031 3446 suppliciisque
1050 3373 1080 3443 (i.
1099 3389 1122 3425 e.
1139 3383 1205 3445 post
1219 3385 1300 3444 preces

227 3443 429 3514 euppllcloque)
448 3444 577 3495 videntur
597 3440 742 3492 adduxisse
760 3441 793 3494 sd
813 3445 1017 3498 correctionem·

297 3528 431 3584 proventu
441 3511 568 3585 frugum)
605 3511 681 3564 MSS.
704 3511 756 3566 mei
773 3528 911 3582 provectu.
932 3513 979 3566 ed.
1000 3512 1087 3574 Prius.
1104 3521 1133 3568 et
1150 3511 1232 3567 Mero.
1247 3529 1304 3581 pro·

220 3581 310 3660 fictu.
347 3583 400 3636 Sed
426 3585 497 3637 Crat.
523 3592 550 3636 et
575 3581 656 3642 Obr..
691 3600 742 3634 nec
766 3600 821 3638 non
844 3587 899 3638 ltlS.
924 3583 1007 3637 Perlz.
1028 3585 1101 3655 spnd
1131 3581 1255 3642 Oudend
1274 3577 1304 3633 etl
1362 3599 1363 3636 l

227 3655 582 3725 Apu1.Met1v.p.275.
605 3668 749 3725 prouentu.
786 3655 886 3710 Eodem
907 3655 1017 3708 obtinet
1038 3655 1165 3709 conlusio
1194 3655 1303 3707 inttss.
1362 3663 1363 3686 l

228 3727 307 3792 llpul.
329 3728 345 3778 l.
366 3727 394 3788 l.‚
414 3725 480 3784 Met.
500 3725 529 3778 Χ.
553 3743 577 3792 p.
590 3729 651 3792 728,
671 3723 714 3776 lll.
728 3743 751 3793 p.
766 3729 824 3796 795·
841 3728 960 3799 aliisque
981 3729 1058 3792 locis,
1072 3729 1177 3799 ,quibus
1195 3741 1302 3800 provers-
1362 3697 1363 3792 l

228 3811 272 3854 tus
293 3799 413 3850 restitnit
425 3806 496 3864 post
512 3799 580 3849 ellos
599 3795 774 3866 Oudendorp·
1362 3793 1363 3816 ¹

229 3870 360 3992 enimi·
382 3869 681 4010 'itt‘'“il.¹³‘'.'.¹¹ri
700 3866 916 4012 lin‘i'lsill'.
932 3869 1305 4008 ltdt‘ht‘l'ltttttzt

230 4007 574 4146 criteslriddhhldhnrem)
609 4081 649 4130 ltu
673 4077 699 4132 S.
718 4075 790 4130 Gnll.
809 4093 863 4136 see,
883 4077 924 4136 ΙΧ.
939 4085 968 4129 et
982 4075 1037 4128 MS.
1050 4075 1147 4140 Periz.;
1169 4093 1223 4148 qno
1241 4071 1306 4126 slusii
1362 4109 1363 4130 .

230 4153 313 4204 retem
344 4151 373 4206 S.
402 4149 472 4202 Geli.
498 4167 562 4218 opp.
583 4152 714 4216 scriptura
733 4149 885 4203 excedunt..
924 4149 1009 4210 llere„
1028 4147 1074 4198 Ed.
1097 4147 1182 4216 Ptine.
1201 4141 1306 4202 etrulg.
1362 4133 1363 4194 l

231 4221 393 4277 ascendunt.
432 4219 564 4292 Quinque
589 4220 657 4274 loeis
682 4221 796 4274 formem
823 4217 971 4275 escendere
997 4215 1045 4288 (de
1062 4233 1117 4289 qun
1135 4215 1168 4270 ci.
1193 4207 1309 4271 Oudeutl-
