2860 4688
621 367 737 415 ntcrts
762 363 936 414 CRETENSIS

241 556 440 630 amicitiam
470 577 576 639 sone,
612 577 722 656 quom
753 551 953 658 efferrent,
986 553 1085 630 ultro
1120 559 1314 656 suscipere,

244 669 543 772 voluntatemque
575 691 700 742 eorum
720 668 818 769 fore
840 685 985 768 gratam
1014 669 1200 746 omnibus:
1224 672 1317 746 scili-

238 801 299 858 cet
321 785 413 886 quia
439 783 542 858 fluxa
570 781 678 872 fides,
703 801 742 858 et
765 783 886 858 animi
914 811 1050 886 parum
1067 784 1234 888 spectati,
1256 811 1317 860 nc·

238 923 315 1003 que
342 918 420 974 tom
439 899 564 974 subita
590 899 752 973 mutatio
778 898 859 973 sinc
885 897 973 975 dolo
999 899 1235 974 credebatur.

335 1016 401 1088 IV·
451 1019 610 1116 Iamque
643 1013 781 1089 exactis
819 1012 991 1090 hibernis
1027 1015 1219 1090 mensibus
1252 1037 1316 1090 ver

237 1145 432 1231 coeperat,
468 1155 592 1230 quum
625 1129 754 1218 Graii,
791 1129 915 1204 edicto
942 1129 1067 1234 prius,
1099 1130 1158 1204 uti
1197 1131 1315 1206 omnis

238 1241 348 1317 miles
372 1243 414 1316 in
439 1243 557 1316 armis
580 1261 689 1332 esset,
721 1269 809 1318 mox
833 1243 940 1346 signo
966 1243 1057 1318 belii
1081 1242 1194 1334 edito,
1218 1269 1316 1320 exer·

239 1356 362 1432 citum
393 1356 436 1432 in
469 1357 610 1462 campis
636 1355 868 1461 productum
892 1358 1095 1435 ordinant:
1126 1383 1251 1462 neque
1273 1385 1315 1435 ea

242 1497 266 1546 a
299 1467 475 1547 Troianis
500 1473 650 1573 segnius
669 1472 894 1574 agebantur.
945 1474 1068 1575 Igitur
1093 1475 1162 1549 ubi
1196 1475 1315 1550 utrin-

240 1613 319 1690 que
355 1585 562 1664 instructae
591 1588 688 1664 acies
720 1587 922 1664 advorsum
945 1613 1172 1693 processere,
1202 1609 1316 1692 atque

239 1701 343 1776 intra
370 1702 435 1778 teli
462 1702 604 1778 iactum
630 1720 788 1778 ventum
813 1722 876 1794 est,
899 1703 1087 1780 cobortnti
1111 1729 1197 1780 suos
1216 1707 1318 1807 quis·

237 1841 315 1918 que
339 1841 475 1892 manus
499 1837 716 1908 conserunt,
743 1819 785 1894 in
810 1817 937 1894 medio
963 1819 1093 1894 locatis
1111 1819 1316 1921 equitibus,

236 1947 276 2006 et
301 1928 417 2007 obit
442 1931 577 2036 primis
602 1933 814 2033 congressis.
864 1935 1041 2032 Tumque
1065 1934 1235 2035 primum
1259 1959 1317 2008 re-

237 2069 299 2148 ges
324 2046 441 2120 nostri
466 2063 582 2149 atque
608 2047 774 2122 bostium
794 2049 951 2124 ascensis
975 2051 1152 2127 curribus
1171 2048 1316 2123 bellum

238 2161 396 2249 inerint,
433 2161 548 2236 ascito
582 2160 654 2236 sibi
687 2163 850 2265 quisque
886 2164 1018 2268 auriga
1055 2161 1105 2237 ad
1136 2161 1318 2265 regendos

237 2297 364 2374 equos·
413 2273 484 2350 Sed
519 2275 666 2378 primus
697 2278 872 2354 omnium
897 2276 1115 2366 Diomedes,
1147 2278 1319 2352 invectus

237 2389 349 2463 Rhesi
373 2389 497 2490 equis,
523 2389 806 2493 Pyraechmem‚
834 2417 960 2495 regem
980 2397 1183 2488 Paeonum,
1209 2391 1318 2468 basta

218 2501 365 2577 tronte
399 2504 520 2579 ictum
556 2505 749 2582 interficis
809 2507 909 2582 Dein
942 2525 1101 2596 ceteros,
1135 2533 1231 2611 quos
1263 2507 1318 2581 ob

236 2617 419 2696 viantem
452 2643 518 2696 rex
550 2645 677 2700 secum
707 2621 905 2728 stipatores
928 2621 1136 2715 babuerat,
1163 2623 1319 2726 conglo-

245 2775 490 2796 *un-Q

308 2865 352 2918 ιν.
388 2864 510 2922 sesamo
536 2857 683 2942 nimitas)
721 2871 744 2923 s
770 2871 867 2933 sem,
893 2868 942 2924 eo.
968 2869 1048 2924 usse
1075 2875 1104 2922 es
1129 2869 1216 2922 nam
1240 2867 1326 2920 nen

239 2937 393 3002 mensibos5
412 2945 440 2988 et
457 2942 572 2992 naseris
586 2939 783 3011 subintelligit:
806 2939 1025 3008 tempestatibus,
1040 2939 1188 2992 mensibus.
1225 2939 1260 2990 Us
1274 2937 1324 2988 bi-

237 3005 329 3055 storici
353 3007 448 3059 dicunt
464 3007 598 3072 hiberna,
623 3011 730 3064 aestive
754 3010 895 3062 intellecto
912 3019 1017 3073 castra,
1042 3011 1081 3060 sic
1097 3025 1161 3061 ssne
1178 3007 1252 3076 sputi
1270 3023 1327 3076 po·

236 3075 365 3126 stosiores
391 3077 527 3144 reperitur
545 3078 688 3134 tritemius
697 3116 709 3142 ‚
726 3096 843 3134 vernum
861 3081 948 3134 intell.
967 3088 1082 3150 ternpus.
1106 3097 1129 3134 v.
1146 3079 1168 3132 F
1172 3077 1272 3135 :sinsh-
1292 3087 1327 3130 et

240 3142 342 3196 Duker.
360 3141 394 3194 sd
416 3145 487 3198 Flos.
508 3148 526 3197 1.
550 3151 589 3202 16.
607 3150 630 3200 3.

309 3215 340 3264 in
363 3216 465 3284 campis
492 3215 583 3286 prod)
618 3217 692 3274 Crst.
708 3234 759 3287 per
776 3235 892 3289 campos.
917 3235 942 3276 v.
966 3219 1054 3272 Gloss.
1081 3217 1116 3270 sd
1139 3233 1162 3269 c.
1182 3217 1209 3272 5.
1245 3213 1329 3266 tntu

239 3279 288 3332 Ed.
306 3283 379 3334 Crat.
398 3291 429 3334 et
443 3281 507 3338 Obr.
528 3303 616 3356 neque
634 3306 652 3340 o
671 3287 716 3341 Tr.
734 3307 755 3339 s.
772 3289 914 3358 agebatur.
950 3291 1031 3352 Bone,
1047 3289 1071 3339 si
1089 3287 1200 3354 respicis
1217 3283 1253 3335 nd
1269 3285 1328 3335 tib.

238 3351 326 3405 [Vb
353 3370 388 3405 sss
409 3370 442 3406 sss
467 3373 495 3406 ss
515 3357 614 3408 niusa
640 3359 785 3410 Memnone
809 3371 908 3417 actum.
942 3357 1068 3414 Portos.
1091 3357 1160 3410 Gstt
1178 3373 1252 3425 opp„
1271 3353 1332 3414 Ed.

238 3419 310 3472 Crat.
330 3427 358 3472 ot
405 3439 458 3478 ere.
471 3371 613 3477 adversum
628 3445 747 3495 process.

277 3561 283 3573 .
311 3492 431 3574 Turaque
452 3495 567 3561 primum
587 3513 645 3566 reg.
663 3499 753 3581 nostri
768 3509 816 3569 atq
844 3497 913 3552 bost.
935 3498 1056 3582 ascensis
1072 3496 1158 3562 eurr.)
1195 3495 1331 3575 Tumque

235 3577 328 3682 tta
346 3575 523 3702 essarz
543 3565 1061 3704 ascisceretrsaeta
1082 3565 1332 3689 trusere

237 3699 370 3764 escendit,
392 3705 448 3773 ipss
465 3706 570 3758 Autom-
587 3713 616 3757 et
636 3706 684 3756 lib.
703 3707 747 3759 Vi.
771 3725 791 3760 s.
811 3715 839 3760 et
855 3713 912 3764 ses
933 3727 972 3762 ss.
1009 3709 1080 3760 Haec
1099 3703 1332 3770 bic-adscripsc-

238 3779 281 3822 rat
302 3773 468 3826 Perizonius.
503 3774 677 3830 Oonsssorr.
696 3777 730 3829 sd
748 3778 855 3830 Caesar.
876 3781 905 3832 ii.
923 3781 957 3834 G.
975 3777 1031 3829 Vll.
1050 3777 1091 3898 5¹6
1127 3775 1204 3828 Libri
1223 3773 1335 3839 scripti

240 3847 269 3892 et
287 3840 373 3905 editi,
391 3861 460 3913 quos
477 3847 558 3906 novi,
578 3845 710 3912 praebent
731 3846 843 3899 formam
866 3847 1031 3909 escendere,
1080 3847 1105 3896 ic
1124 3851 1152 3896 ei
1170 3843 1275 3896 ceteris
1296 3844 1336 3895 '¹⁸

238 3909 323 3972 iocis,
352 3929 422 3982 quos
447 3915 540 3967 astutis
566 3917 736 3976 Perizonius,
759 3927 873 3984 excepto
902 3919 949 3972 lib.
978 3917 1020 3968 Vl
1044 3933 1083 3972 ιι.
1119 3912 1202 3983 Quod
1227 3921 1336 3963 enters

237 3981 355 4044 attinet,
375 3983 423 4034 Ed.
442 3985 521 4036 biars.
543 3985 655 4039 exhibet
675 3987 794 4058 Tumque
811 3989 896 4058 prims*
913 4002 1066 4042 nostrorum
1085 3997 1169 4059 nsque
1189 3983 1334 4036 sontum.

308 4053 389 4106 strat
405 4055 493 4124 aquis)
529 4055 634 4107 Absunt
658 4055 726 4107 baec
748 4056 830 4109 verba
854 4074 869 4108 a
895 4059 974 4110 iibris
999 4058 1066 4108 meis
1089 4064 1119 4107 et
1146 4055 1226 4107 stem
1258 4051 1339 4104 Mox

237 4121 314 4172 Rern.
339 4125 435 4174 hastae
459 4129 539 4176 ictum
576 4125 620 4176 et.
650 4127 732 4178 Mors,
754 4128 850 4184 'costae
870 4131 936 4188 s'ctss.
971 4130 1043 4182 lutra
1065 4127 1143 4180 beru.
1168 4122 1268 4179 deicit·
1291 4121 1338 4174 ef-

235 4191 271 4244 sd
288 4193 319 4242 ll.
339 4195 380 4247 Su.
400 4200 446 4248 bd
466 4199 535 4250 Crat.
557 4211 639 4250 curru
658 4195 754 4251 dtinuit
