2726 4686
247 377 363 430 oreris
388 377 484 428 cnm.
512 379 607 428 netur
632 331 779 430 inormi
805 377 871 428 nin.
899 383 922 427 ι.
1097 365 1139 430 tt

43 551 263 648 Palamedes
295 586 334 645 et
365 572 487 647 Oeox:
526 571 619 647 item
636 555 870 660 ,Menelaum
909 555 1058 675 Aeropa
1101 591 1141 650 et
1247 608 1250 623 ·

43 687 239 764 Plisthene
263 686 433 789 genitus,
455 713 483 762 a
508 713 588 790 quo
613 688 802 766 Anaxibia
820 714 946 778 soror,
971 712 1072 790 quae
1096 713 1141 762 eo

46 821 214 910 tempore
237 804 387 882 Nestori
404 803 578 910 dennpte
603 825 704 897 erat,
730 824 769 882 et
785 808 1049 908 Agamemnon
1063 829 1143 880 ma-

48 921 101 995 ior
123 921 266 1012 frater,
300 938 347 997 nt
370 922 452 996 viee
477 947 545 997 sua
571 923 616 1002 in
639 921 825 1000 divisione
850 937 1045 1009 uteretur,
1076 945 1143 1024 pe·

50 1036 220 1116 tirerant
269 1036 344 1115 sed
367 1037 412 1114 hi
437 1066 519 1115 non
544 1027 772 1128 Plisthenis,
796 1056 844 1113 ut
867 1054 997 1126 erant,
1023 1033 1142 1136 magis

47 1181 162 1256 quam
189 1155 299 1229 Atrei
334 1151 585 1232 dicebantur:
620 1154 672 1231 ob
699 1181 784 1232 enm
808 1179 980 1236 oausam,
1014 1149 1141 1255 qnod,

47 1295 168 1371 quum
191 1268 422 1362 Plisthenes,
449 1269 661 1349 admodum
686 1271 830 1378 parvis,
856 1271 936 1374 ipse
960 1292 1074 1370 ogens
1098 1266 1142 1342 in

48 1385 181 1490 primis
209 1386 324 1462 ennio
348 1387 425 1464 vito
449 1387 625 1477 iunctus,
660 1389 763 1466 nihil
790 1387 955 1492 dignum
988 1381 1038 1464 ad
1063 1409 1141 1462 me·

114 1708 243 1780 llsnpb's]
278 1709 358 1770 Beris.
375 1708 490 1782 Naupli.

114 1782 200 1854 Osos)
237 1778 315 1840 tiso.
334 1782 389 1834 mel
406 1789 435 1834 et
454 1780 502 1833 Ed.
521 1779 610 1836 Ptine.
628 1781 709 1837 Aiax.
729 1777 800 1831 Crot.
818 1781 900 1837 Aeas.
923 1777 987 1832 Post
1005 1776 1076 1829 iisne
1093 1792 1142 1832 vo·

51 1863 105 1900 ten
122 1851 203 1920 rotgo
222 1851 398 1904 inserebatur
415 1852 515 1918 Dictys
533 1869 568 1904 s:
587 1849 686 1904 Cretae
705 1847 766 1904 ldo.
786 1850 813 1903 S.
831 1849 904 1902 Gall.
918 1865 971 1908 see.
987 1849 1034 1906 lll.
1050 1847 1141 1918 dictys

52 1935 83 1972 ss
98 1933 171 1976 men
189 1919 267 1978 eido.
283 1923 353 1974 ulter
369 1920 453 1976 dictis
469 1939 503 1974 ex
522 1933 600 1976 creto
618 1919 690 1974 eido.
712 1921 789 1973 Bern.
809 1918 901 1974 dictus
919 1938 954 1976 ex
972 1931 1065 1974 cretas
1082 1919 1143 1974 Ida.

51 1989 160 2044 nemsi
177 1993 314 2044 librorum
333 2009 405 2044 unus
423 1991 515 2046 dietus
530 2009 566 2046 ex
590 1987 729 2044 Creteido.
748 1992 820 2044 ultor
837 1993 937 2058 Dictys
958 2007 993 2045 ee
1006 1989 1142 2044 steteidn

52 2063 152 2130 Argmt.
171 2062 306 2116 Obreebti
323 2061 409 2118 dietis
428 2080 463 2117 ss
490 2063 588 2118 Cretes
612 2059 674 2118 Ida.
701 2062 749 2114 Ed.
762 2063 848 2116 Prine.
875 2061 1021 2130 dyctusesr
1041 2061 1141 2116 Cretae

53 2130 105 2184 lda-
122 2133 204 2202 Qnod
222 2119 485 2204 ieripsitlderoerus
503 2131 574 2186 dicti
593 2131 757 2198 Creteidae,
776 2141 805 2184 et
817 2133 1037 2204 huiusexenrplo
1049 2131 1144 2183 Meur-

52 2203 103 2254 siss
120 2205 192 2258 Cret.
211 2205 257 2258 lv.
277 2205 303 2273 l·
323 2221 353 2274 p.
377 2207 434 2274 ris.
454 2203 525 2260 dieti
544 2202 711 2269 Cotrtidoe,
737 2204 829 2258 locum
847 2203 950 2258 bebere
971 2219 1029 2256 uon
1048 2217 1141 2272 posse,

54 2291 106 2326 tum
124 2275 199 2330 tiss.
218 2275 385 2330 auctoritate
403 2275 485 2329 modo
504 2275 711 2347 probaverimus
731 2274 835 2346 (rerum
854 2277 929 2328 enirn
946 2291 1049 2327 nomen
1066 2274 1140 2344 apud

54 2353 165 2398 nostrum
186 2356 231 2400 est
246 2347 366 2418 Atreus),
384 2354 442 2400 tum
458 2363 524 2400 vero
542 2345 714 2400 Pelsmedem
732 2355 761 2400 et
781 2347 899 2398 Ooooern
917 2362 933 2398 u
948 2353 1073 2398 materno
1091 2359 1144 2396 neo

58 2433 147 2470 nomen
170 2417 299 2480 duxisse,
322 2421 516 2489 praetermisso
540 2425 655 2487 paterno
676 2417 752 2472 bsud
779 2417 896 2490 ignobili
919 2417 1044 2486 origine,
1068 2414 1145 2468 houd

58 2489 213 2541 verisimile
230 2489 357 2550 videtur,
374 2499 458 2560 etque
479 2490 562 2540 etiem
581 2503 597 2538 n
615 2489 726 2542 nemine
743 2489 807 2543 illos
822 2486 964 2544 Creteidos
978 2487 1022 2538 vel
1036 2487 1145 2540 Cutret'·

59 2555 104 2608 dos
122 2569 231 2612 roestos
248 2561 371 2613 invenio.
408 2559 506 2614 Procul
524 2558 611 2612 dubio
630 2561 765 2630 primitus*
778 2562 912 2630 seriptum
927 2558 984 2611 luit
1000 2555 1091 2611 dietus
1108 2573 1144 2610 s:

61 2629 148 2686 Cretes
165 2630 233 2694 ido,
258 2647 317 2685 non
338 2631 371 2684 sb
389 2633 450 2700 ipso
468 2631 619 2700 Septimio,
639 2631 687 2683 sed
706 2647 720 2680 o
738 2629 903 2696 scholiastn3
942 2645 1039 2680 uorum
1057 2643 1143 2696 genus

60 2699 180 2768 surmio
197 2703 343 2756 nominum
360 2717 409 2773 pro
431 2703 533 2755 riorum
551 2701 705 2770 originibus
718 2701 840 2754 libenter
851 2645 1035 2770 perioiitotur.
1056 2696 1144 2762 „Cre-

60 2775 140 2823 tenses
158 2775 290 2826 nimirum
314 2803 352 2816 -·-
367 2721 450 2827 verbs
468 2773 537 2826 lssee
555 2782 621 2825 sunt
639 2771 773 2826 Obrechti
795 2799 830 2812 -
850 2769 970 2828 disiecto
992 2785 1041 2820 sos
1059 2768 1144 2820 colles

60 2854 208 2916 praeruptos
226 2845 313 2906 diove
330 2853 479 2896 vocarunt:
505 2843 573 2896 inde
593 2843 688 2906 δαξις,
714 2851 743 2896 et
761 2841 837 2915 qood
857 2843 931 2894 idern
953 2846 1010 2900 est,
1031 2839 1145 2900 οἶαξις,

60 2917 156 2982 χωρίον
171 2903 320 2984 [pressis
337 2913 446 2983 ὕψιλόν
465 2915 539 2983 apud
558 2915 766 2984 Etymologum‚
785 2927 816 2963 ao
836 2913 898 2965 κατ’
917 2911 1020 2980 ἐξοχῆν
1037 2911 1144 2980 proeel-

60 2997 120 3048 puos
143 2985 239 3040 Cretae
264 2993 373 3040 montes
401 2989 508 3042 Dictum
528 2993 612 3058 utque
630 2985 706 3037 Idam
727 2983 843 3037 notarit.
879 2985 1037 3054 Aquorum
1055 2981 1145 3034 oltero

61 3052 146 3138 Oeseis
168 3075 270 3110 nornen
294 3057 403 3111 derivet
419 3059 581 3128 Septimius,
603 3057 671 3122 sive,
689 3054 765 3140 quod
785 3055 879 3126 potios
895 3071 966 3118 reor,
984 3051 1145 3105 scholisstes

61 3125 562 3270 t¹tt„i5⁹tt::..⁹t'lt:¹t..¹¹tf
574 3126 746 3268 iffili
757 3125 958 3268 'tttttgtt
968 3123 1143 3249 titiis

61 3265 289 3324 retinentium
307 3272 353 3326 sel
371 3273 405 3324 ed
424 3271 572 3342 marginem
592 3269 749 3339 scripserit,
768 3269 843 3321 unde
863 3285 879 3319 e
897 3267 1012 3321 librario
1032 3268 1062 3320 in
1080 3275 1145 3320 tex-

62 3341 109 3388 tum
128 3349 247 3412 recepta,
266 3361 302 3396 ex
321 3343 387 3394 Cod.
407 3345 435 3396 iu
454 3343 522 3395 Cod.
540 3350 705 3412 propagato,
730 3348 759 3392 et
774 3339 811 3394 nb
830 3339 966 3410 imperitis
984 3337 1144 3392 homiuibus

62 3409 123 3460 nris
140 3421 268 3484 corrupta
286 3421 337 3474 est,
357 3421 389 3465 ut
406 3413 527 3484 denique
542 3414 634 3483 ipsius
654 3412 762 3482 Dictyis
779 3427 879 3464 nornen
901 3410 1009 3466 exierit.

118 3481 230 3538 Nestori
249 3484 385 3558 derupta)
421 3486 449 3539 S.
467 3484 538 3536 Gall.
560 3499 611 3536 see
630 3481 1144 3554 tx.ssEd‚Prtne.1tessoridtnupse-

64 3547 91 3600 lt
104 3551 152 3622 ipsi
169 3555 280 3608 Nestori
300 3563 439 3626 nupserat.
458 3573 485 3608 r.
504 3553 584 3607 Obss.
602 3555 645 3606 De
660 3555 745 3608 verbo
763 3553 903 3608 denubere
922 3552 956 3604 ci.
977 3553 1067 3605 Gloss.

94 3621 148 3703 'bs'
162 3645 220 3679 non
238 3626 349 3689 russi„
372 3627 515 3698 riserant)
550 3627 645 3690 item..
664 3625 690 3684 S.
710 3624 783 3682 Goll.
802 3641 866 3698 opp.
877 3631 906 3680 et
914 3623 965 3677 Ed·
979 3623 1066 3678 Ptine.
1083 3633 1146 3680 eret

64 3683 118 3754 [tul
136 3699 197 3764 tes),
216 3707 245 3748 et
263 3698 293 3748 in
312 3697 540 3766 praecedentibus
560 3713 614 3753 om.
635 3715 700 3753 non.

119 3763 261 3822 sdwduae
278 3771 386 3840 parvis)
422 3767 501 3822 MSS.
522 3775 551 3820 et
569 3767 636 3818 lidd.
658 3768 752 3838 (etium
771 3769 861 3820 Rorm-
880 3763 1009 3836 edsovid.
1025 3763 1143 3822 Festll.

64 3829 122 3902 385)
135 3855 255 3908 pervus,
278 3847 390 3908 praeter
401 3840 427 3894 S.
445 3839 515 3896 Gall.
527 3855 590 3910 opp.
607 3847 636 3890 rt
654 3839 747 3900 Poris„
767 3839 796 3890 in
815 3836 917 3909 quibus
933 3837 1048 3908 parvis,¹
1066 3835 1142 3904 quod

64 3907 184 3976 resipuit
201 3909 366 3964 Obrechtus.
403 3909 540 3980 Legorim,
560 3913 599 3962 eit
618 3909 837 3980 Wopkens.p.n.
854 3909 899 3961 liis
916 3907 1061 3963 admodum
1074 3925 1142 3978 por·

65 3973 115 4026 vis:
130 3995 177 4029 uee
196 3982 285 4035 multo
303 3981 387 4034 alitor
405 3990 446 4033 est
465 3983 493 4032 iu
514 3981 579 4033 Corl.
601 3983 701 4044 Potin,
720 3981 769 4032 ubi
789 3982 824 4034 iis
844 3977 915 4032 odos.
936 3961 1143 4052 parvt³,⁸qu0d

64 4043 151 4108 placuit
170 4051 372 4122 Oudendorpio
392 4053 425 4104 od
446 4053 525 4124 Apul,
543 4053 608 4104 lllet.
630 4053 660 4104 V.
682 4071 707 4120 p.
721 4053 779 4120 347-
816 4051 942 4103 Debetur
961 4047 1031 4100 illud
1051 4049 1087 4100 iis
1099 4051 1144 4110 ius

65 4121 162 4184 terpreti
178 4125 313 4177 orationis
332 4124 462 4176 duritiem
481 4127 631 4178 sninuturo.
670 4125 759 4176 Etiam
779 4123 808 4173 in
826 4120 875 4174 lid.
899 4121 965 4172 Obr.
986 4135 1144 4187 expressum

65 4191 239 4316 gssp‘ip'phut
258 4194 327 4249 dicit
349 4195 548 4268 Oudendorp,
579 4201 784 4250 contrauersim
812 4201 863 4244 est.
909 4189 1027 4261 Expedit
1053 4191 1144 4245 locum
