2762 4684
217 391 291 468 488
512 412 781 473 oesrnvarronus
806 411 842 463 rn
865 413 930 462 nra.
956 413 1004 462 rr.

217 599 421 685 Polyphemus
441 602 640 684 imperitavit:
662 601 694 661 in
715 619 846 682 quornm
866 599 1007 680 deinceps
1027 596 1173 660 ditionem
1190 597 1303 658 incidit

216 699 332 762 Ulixes.
381 701 512 761 ilenrico
533 698 585 765 fol.
605 697 673 760 160.
694 697 790 759 insula
810 706 939 759 vocetur
959 697 1063 757 Sr'lr'rr‘rr
1081 697 1113 775 (i.
1125 715 1154 756 e.
1178 694 1303 772 Sicilia),

218 821 304 881 reges
322 799 462 880 Strignra
489 807 520 860 et
542 797 699 882 G'cr‘lopa,
733 817 901 880 eorumque
920 793 972 856 lilii
994 792 1215 877 praepollentes
1240 795 1302 854 At-

210 900 275 974 fne:
297 907 327 959 et
350 899 484 977 Polfim.
500 931 541 946 -
555 895 601 956 Ut
623 916 642 955 a
664 893 806 978 Septimio
829 894 956 978 Cyclopa
976 895 1227 976 etLaestrygon,
1251 893 1302 952 Si·

214 995 302 1057 ciliae
323 1017 418 1079 rages,
439 996 674 1078 coniunguntur,
695 998 738 1056 sie
753 993 898 1077 Cyclopes
919 1006 949 1056 et
970 995 1198 1078 Laestrygones,
1221 991 1300 1052 Sici-

215 1095 273 1158 liae
293 1093 420 1178 populi,
441 1095 550 1176 quibos
581 1095 764 1176 antiquiores
788 1093 909 1166 Sicani,
938 1090 1157 1175 aThucydide
1177 1091 1233 1150 vt.
1257 1111 1298 1168 2,

106 1216 117 1235 ·
214 1197 267 1275 qui
287 1204 388 1255 nutem
399 1193 637 1276 Laestrygonum
663 1213 757 1276 genus
777 1202 808 1254 et
818 1194 964 1274 originem
982 1193 1108 1273 ignorat.
1130 1187 1297 1270 Cisteplr.

215 1294 289 1376 Byz.
309 1311 340 1358 v.
361 1283 617 1369 Λαιστρυγόνεςς
639 1291 743 1352 Str-alr.
766 1293 791 1352 l.
811 1313 843 1373 p.
873 1288 917 1368 14.
939 1281 1219 1368 Actorpoydvscoi
1242 1289 1300 1348 rer

214 1393 391 1467 Λεοντῖνοι,
411 1391 455 1451 eit
473 1390 593 1450 Tzetzes
614 1388 652 1449 ad
674 1389 828 1472 Lycophr.
848 1387 919 1454 662.
941 1387 1018 1471 956,
1040 1385 1225 1468 Hesychium
1252 1407 1300 1446 ae·

213 1498 311 1554 cutus.
352 1489 414 1552 Eos
432 1484 489 1570 τὴν
508 1484 583 1569 napi
591 1487 733 1550 Σικελίαν
753 1485 865 1569 χώραν
884 1482 1297 1564 consternantem

214 1593 299 1650 testis
319 1599 362 1649 est
389 1587 530 1653 Eusteth.
558 1586 598 1648 ad
628 1587 719 1652 llorn.
750 1587 812 1655 0d.
847 1587 888 1650 X.
910 1587 962 1652 82.
1009 1584 1058 1646 ab
1082 1584 1131 1645 lais
1150 1584 1299 1648 differunt

216 1687 304 1748 Hom.
332 1687 394 1752 Od.
422 1687 463 1751 X.
482 1685 542 1764 8¹3
571 1685 682 1769 Hygia.
704 1684 765 1748 sab.
798 1685 874 1763 1253
903 1681 1006 1746 Schol.
1038 1681 1194 1766 Lycophr.
1223 1687 1293 1749 urs

214 1777 295 1865 apud
318 1805 395 1866 quos
422 1785 528 1846 Ulixes
547 1805 564 1846 a
587 1783 770 1866 Cyclopibue
797 1805 832 1845 ex
851 1781 953 1844 Sicilia
983 1785 1104 1864 navigat
1124 1783 1165 1844 ad
1186 1784 1294 1844 insulas

213 1881 390 1961 Vulcanius,
412 1883 483 1943 iude
505 1882 795 1967 adLaestrygnnss3
819 1903 951 1964 quorum
972 1882 1097 1964 antiqua
1121 1883 1211 1944 sedes
1231 1893 1293 1944 erat

155 2034 159 2042 .
212 1979 317 2042 ltaliae
336 1981 479 2062 oppidum
499 1981 667 2060 Formiae,
688 1991 764 2044 teste
780 1979 864 2050 Plin,
884 1980 985 2044 111.5.
1008 1980 1048 2049 el.
1068 1978 1167 2042 Solia.
1187 2003 1222 2044 a.
1237 1987 1290 2060 ²³3

212 2079 381 2142 Mitscherl.
402 2078 443 2141 ad
464 2080 574 2142 llorut.
607 2081 669 2148 Od.
692 2082 749 2148 lll.
771 2103 816 2164 17·
849 2081 935 2145 inita
960 2101 1126 2162 eorumque
1150 2083 1293 2143 rendu-

212 2178 368 2262 tiphates,
398 2191 474 2242 teste
494 2180 594 2264 Hygin
626 2179 689 2243 sab.
715 2180 782 2244 125.
806 2213 847 2230 -
875 2180 1024 2265 plau-imos
1042 2182 1196 2242 sociam
1213 2185 1290 2242 ami·

213 2275 322 2352 scrio'
350 2277 421 2340 Filii
434 2289 567 2362 regum,
593 2289 715 2340 centum
743 2279 847 2340 occisis
866 2280 975 2357 sociis,
997 2282 1095 2361 ipsum
1117 2277 1242 2341 Ulixem
1261 2289 1290 2340 et

213 2375 421 2460 Alphenorem
432 2381 571 2441 comitem
593 2381 627 2439 in
648 2375 769 2440 vincula
781 2378 996 2456 coniecerunt,
1020 2389 1131 2460 etpost
1142 2400 1194 2441 sex
1210 2399 1290 2440 meu-

214 2479 293 2538 sium
316 2479 539 2560 captivitatem,
568 2475 671 2539 multis
691 2478 808 2539 emissis
837 2477 964 2559 opibus,
983 2498 1054 2540 eum
1074 2481 1187 2540 edetis
1205 2477 1289 2540 sociis

212 2574 359 2639 liberatus
391 2589 437 2640 est
468 2577 583 2642 Ulixes.
615 2576 741 2639 licerio.
773 2573 827 2637 sot.
863 2574 929 2638 160.
960 2609 1003 2626 -
1029 2575 1125 2638 multa
1148 2574 1290 2658 indigna)
1364 2646 1365 2669 ,

212 2675 320 2754 Quae,
344 2675 441 2738 discas
461 2697 496 2738 ex
516 2673 647 2754 Mulela3
669 2674 723 2758 qui
744 2683 847 2737 tamen
868 2672 966 2737 multo
985 2673 1049 2737 abit
1072 2675 1113 2738 ab
1131 2675 1287 2746 Homero,

210 2776 323 2857 quique
347 2773 471 2836 Homeri
501 2787 592 2857 atque
611 2773 769 2857 Euripidis
796 2773 836 2836 de
856 2772 998 2837 unoculo
1021 2773 1212 2858 Polyphemo
1245 2777 1289 2836 in-

210 2891 337 2956 crepans
356 2873 508 2950 tabulam,
540 2875 680 2957 Dictyis‚
709 2871 830 2958 Sisyphi
851 2871 906 2935 Coi
932 2884 963 2935 et
982 2873 1115 2935 Phidalii
1138 2875 1288 2936 Corinthii

212 2973 405 3034 narrationes
424 2972 570 3036 leudibus
591 2973 689 3036 effert.
713 3005 752 3022 ·-··
763 2969 879 3055 filiam
899 2975 975 3054 regas
993 2972 1131 3046 Arenae)
1174 2973 1288 3036 Eadem

210 3068 331 3148 sabula,
352 3093 430 3153 quae
450 3074 562 3156 Dictye
588 3073 638 3135 vix
659 3070 834 3153 antiquior,
863 3093 882 3132 a
904 3070 1034 3154 Sisypho
1054 3072 1118 3132 Coo
1138 3085 1286 3134 narratur

209 3166 292 3248 apud
322 3167 424 3230 Malel.
450 3191 480 3252 p.
510 3169 578 3247 148.
595 3179 626 3234 et
646 3169 678 3230 in
702 3169 831 3232 Taetzae
851 3170 982 3232 Clrillad.
1005 3169 1098 3252 Apud
1120 3181 1285 3253 utrumque

208 3272 311 3327 eutem
340 3266 522 3350 Polyphemi
549 3269 610 3330 lilia
639 3280 768 3330 vocatur
782 3258 898 3349 Ἔλπη,
923 3269 1022 3330 Ulixis
1042 3271 1143 3332 socius
1163 3269 1286 3344 Λεΐωνς
1362 3301 1363 3304 ¹

209 3365 242 3428 in
263 3385 300 3428 eo
321 3368 414 3428 etiam
435 3367 660 3450 discrepantes,
681 3368 767 3450 quod
790 3366 843 3430 ille
863 3367 962 3430 Ulixis
991 3369 1108 3450 socium
1133 3389 1203 3430 eum
1234 3369 1286 3430 alr-

209 3475 297 3546 repta
326 3467 404 3548 regie
432 3467 494 3528 lilia
521 3465 662 3528 eSicilia
697 3465 841 3547 solvisse,
872 3465 923 3528 laic
940 3477 1044 3548 postea
1066 3467 1285 3550 Laestrygones

208 3561 301 3626 filiam
333 3568 412 3650 regis
451 3557 537 3627 Ulixi
567 3567 681 3628 iteruin
722 3565 885 3640 ademisse,
922 3566 1063 3648 patrique
1099 3562 1284 3648 Polyphemo

209 3665 377 3728 restituisse
399 3666 571 3748 perhibent.
619 3667 718 3728 Ulixis
744 3670 842 3728 socius
872 3664 1008 3748 Elpenor
1030 3667 1206 3728 nominatur
1222 3665 1283 3726 Ho-

206 3783 311 3840 mero,
342 3763 383 3827 de
410 3787 472 3850 quo
502 3775 603 3828 eutem
632 3766 720 3852 longe
739 3766 798 3827 alia
828 3765 1021 3828 referuntur.
1085 3765 1134 3826 De
1169 3763 1281 3848 Alphe·

207 3883 303 3940 nore,
340 3875 461 3946 praeter
491 3867 554 3928 eiua
584 3865 743 3947 Ulixisque
776 3867 1004 3949 captivitatem,
1033 3863 1110 3927 nihil
1141 3871 1282 3928 memorat

204 3958 366 4030 Henrieus.

286 4061 334 4122 ud
353 4063 457 4124 Clinen
476 4075 566 4148 atque
588 4061 661 4124 inde
681 4063 729 4126 ad
749 4063 892 4147 Calypso)
934 4062 1096 4141 Quomodo
1113 4063 1220 4147 Dictys
1237 4061 1278 4122 lu·

203 4157 310 4218 hulam
330 4165 527 4236 tractaverit,
552 4162 693 4222 discimus
716 4185 750 4222 cx
774 4160 876 4222 ttatet.
899 4183 929 4244 p.
953 4161 1010 4244 ¹l9
1030 4184 1096 4244 sqq.
1122 4165 1174 4244 qui
1194 4163 1277 4222 etiam

206 4253 278 4334 lria,
302 4257 466 4322 Homerum
485 4257 626 4326 ¹ludibrio
647 4262 781 4342 habens,
811 4261 949 4346 Dltltyn,
972 4262 1136 4346 Sisyphum
1158 4274 1187 4326 et
1208 4261 1274 4326 Phi-
