<?xml version="1.0" encoding="UTF-8"?>
<!DOCTYPE html PUBLIC "-//W3C//DTD XHTML 1.0 Transitional//EN"
    "http://www.w3.org/TR/xhtml1/DTD/xhtml1-transitional.dtd">
<html xmlns="http://www.w3.org/1999/xhtml" xml:lang="en" lang="en">
 <head>
  <title>
</title>
<meta http-equiv="Content-Type" content="text/html;charset=utf-8" />
  <meta name='ocr-system' content='tesseract 3.04.00' />
  <meta name='ocr-capabilities' content='ocr_page ocr_carea ocr_par ocr_line ocrx_word'/>
</head>
<body>
  <div class='ocr_page' id='page_1' title='image "./dictyscretensis00dictgoog_0074.png"; bbox 0 0 2698 4688; ppageno 0'>
   <div class='ocr_carea' id='block_1_1' title="bbox 178 329 874 399">
    <p class='ocr_par' dir='ltr' id='par_1_1' title="bbox 178 329 874 399">
     <span class='ocr_line' id='line_1_1' title="bbox 178 329 874 399; baseline 0 -3"><span class='ocrx_word' id='word_1_1' title='bbox 178 329 183 337; x_wconf 92' lang='lat'><em>&#39;</em></span> <span class='ocrx_word' id='word_1_2' title='bbox 249 345 323 397; x_wconf 80' lang='lat' dir='ltr'><strong>mu</strong></span> <span class='ocrx_word' id='word_1_3' title='bbox 694 343 874 399; x_wconf 74' lang='lat' dir='ltr'><strong>amazonis</strong></span> 
     </span>
    </p>
   </div>
   <div class='ocr_carea' id='block_1_2' title="bbox 210 531 1276 4300">
    <p class='ocr_par' dir='ltr' id='par_1_2' title="bbox 210 531 1276 4300">
     <span class='ocr_line' id='line_1_2' title="bbox 249 531 1276 620; baseline 0.002 -24"><span class='ocrx_word' id='word_1_4' title='bbox 249 543 352 596; x_wconf 87' lang='lat' dir='ltr'><strong>tamen</strong></span> <span class='ocrx_word' id='word_1_5' title='bbox 383 533 472 618; x_wconf 83' lang='lat' dir='ltr'><strong>longe</strong></span> <span class='ocrx_word' id='word_1_6' title='bbox 502 534 627 598; x_wconf 89' lang='lat' dir='ltr'><strong>uberius</strong></span> <span class='ocrx_word' id='word_1_7' title='bbox 648 531 811 612; x_wconf 81' lang='lat' dir='ltr'><strong>edisscmt,</strong></span> <span class='ocrx_word' id='word_1_8' title='bbox 841 553 934 618; x_wconf 86' lang='lat' dir='ltr'><strong>quam</strong></span> <span class='ocrx_word' id='word_1_9' title='bbox 954 531 1100 610; x_wconf 86' lang='lat' dir='ltr'><strong>Malelas,</strong></span> <span class='ocrx_word' id='word_1_10' title='bbox 1132 533 1276 620; x_wconf 75' lang='lat' dir='ltr'><strong>quirici</strong></span> 
     </span>
     <span class='ocr_line' id='line_1_3' title="bbox 250 634 1276 719; baseline 0.001 -22"><span class='ocrx_word' id='word_1_11' title='bbox 250 635 401 698; x_wconf 86' lang='lat' dir='ltr'><strong>orationes</strong></span> <span class='ocrx_word' id='word_1_12' title='bbox 420 635 547 718; x_wconf 79' lang='lat' dir='ltr'><strong>Dictyos</strong></span> <span class='ocrx_word' id='word_1_13' title='bbox 566 636 795 716; x_wconf 88' lang='lat' dir='ltr'><strong>praetermisit,</strong></span> <span class='ocrx_word' id='word_1_14' title='bbox 818 645 854 697; x_wconf 87' lang='lat' dir='ltr'><strong>ut</strong></span> <span class='ocrx_word' id='word_1_15' title='bbox 876 634 991 697; x_wconf 87' lang='lat' dir='ltr'><strong>alienos</strong></span> <span class='ocrx_word' id='word_1_16' title='bbox 1014 657 1033 696; x_wconf 94' lang='lat' dir='ltr'><strong>a</strong></span> <span class='ocrx_word' id='word_1_17' title='bbox 1052 635 1276 719; x_wconf 79' lang='lat' dir='ltr'><strong>Chmnogmph</strong></span> 
     </span>
     <span class='ocr_line' id='line_1_4' title="bbox 333 733 1276 819; baseline 0.001 -23"><span class='ocrx_word' id='word_1_18' title='bbox 333 735 391 796; x_wconf 85' lang='lat' dir='ltr'><strong>xt.</strong></span> <span class='ocrx_word' id='word_1_19' title='bbox 434 736 525 798; x_wconf 84' lang='lat' dir='ltr'>Prius</span> <span class='ocrx_word' id='word_1_20' title='bbox 548 733 680 798; x_wconf 84' lang='lat' dir='ltr'><strong>illudat</strong></span> <span class='ocrx_word' id='word_1_21' title='bbox 707 744 829 819; x_wconf 84' lang='lat' dir='ltr'><strong>pateat,</strong></span> <span class='ocrx_word' id='word_1_22' title='bbox 853 733 970 818; x_wconf 90' lang='lat' dir='ltr'><strong>liquido</strong></span> <span class='ocrx_word' id='word_1_23' title='bbox 994 734 1185 798; x_wconf 84' lang='lat' dir='ltr'><strong>declaratum</strong></span> <span class='ocrx_word' id='word_1_24' title='bbox 1205 738 1276 798; x_wconf 83' lang='lat' dir='ltr'><strong>daln</strong></span> 
     </span>
     <span class='ocr_line' id='line_1_5' title="bbox 250 823 1276 918; baseline 0.002 -22"><span class='ocrx_word' id='word_1_25' title='bbox 250 854 313 896; x_wconf 90' lang='lat' dir='ltr'><strong>uno</strong></span> <span class='ocrx_word' id='word_1_26' title='bbox 331 833 460 918; x_wconf 83' lang='lat' dir='ltr'><strong>Dictyos</strong></span> <span class='ocrx_word' id='word_1_27' title='bbox 473 831 554 912; x_wconf 90' lang='lat' dir='ltr'><strong>loco,</strong></span> <span class='ocrx_word' id='word_1_28' title='bbox 577 845 608 896; x_wconf 90' lang='lat' dir='ltr'><strong>et</strong></span> <span class='ocrx_word' id='word_1_29' title='bbox 628 835 673 896; x_wconf 87' lang='lat' dir='ltr'><strong>ita</strong></span> <span class='ocrx_word' id='word_1_30' title='bbox 689 835 780 898; x_wconf 88' lang='lat' dir='ltr'><strong>simul</strong></span> <span class='ocrx_word' id='word_1_31' title='bbox 810 823 969 897; x_wconf 79' lang='lat' dir='ltr'><strong>historiam</strong></span> <span class='ocrx_word' id='word_1_32' title='bbox 990 836 1056 900; x_wconf 89' lang='lat' dir='ltr'><strong>eius</strong></span> <span class='ocrx_word' id='word_1_33' title='bbox 1076 834 1147 916; x_wconf 90' lang='lat' dir='ltr'><strong>loci,</strong></span> <span class='ocrx_word' id='word_1_34' title='bbox 1171 838 1276 898; x_wconf 83' lang='lat' dir='ltr'><strong>concis</strong></span> 
     </span>
     <span class='ocr_line' id='line_1_6' title="bbox 249 925 1272 1021; baseline 0.004 -27"><span class='ocrx_word' id='word_1_35' title='bbox 249 933 318 994; x_wconf 89' lang='lat' dir='ltr'><strong>ideo</strong></span> <span class='ocrx_word' id='word_1_36' title='bbox 338 933 478 1016; x_wconf 79' lang='lat' dir='ltr'>ambigue</span> <span class='ocrx_word' id='word_1_37' title='bbox 500 925 589 996; x_wconf 85' lang='lat' dir='ltr'><strong>nimis</strong></span> <span class='ocrx_word' id='word_1_38' title='bbox 608 934 775 1010; x_wconf 86' lang='lat' dir='ltr'><strong>traditam,</strong></span> <span class='ocrx_word' id='word_1_39' title='bbox 807 933 980 996; x_wconf 78' lang='lat' dir='ltr'><strong>illustrabo.</strong></span> <span class='ocrx_word' id='word_1_40' title='bbox 1023 933 1138 1021; x_wconf 83' lang='lat' dir='ltr'><strong>Refert</strong></span> <span class='ocrx_word' id='word_1_41' title='bbox 1149 934 1272 1020; x_wconf 72' lang='lat' dir='ltr'><strong>&#39;Dictys</strong></span> 
     </span>
     <span class='ocr_line' id='line_1_7' title="bbox 250 1031 1261 1117; baseline 0.004 -24"><span class='ocrx_word' id='word_1_42' title='bbox 250 1031 276 1100; x_wconf 89' lang='lat' dir='ltr'><strong>I.</strong></span> <span class='ocrx_word' id='word_1_43' title='bbox 297 1055 363 1116; x_wconf 90' lang='lat' dir='ltr'><strong>cap.</strong></span> <span class='ocrx_word' id='word_1_44' title='bbox 386 1035 414 1099; x_wconf 87' lang='grc'><strong>3.</strong></span> <span class='ocrx_word' id='word_1_45' title='bbox 437 1033 533 1094; x_wconf 86' lang='lat' dir='ltr'><strong>Parin</strong></span> <span class='ocrx_word' id='word_1_46' title='bbox 553 1055 623 1095; x_wconf 90' lang='lat' dir='ltr'><strong>cum</strong></span> <span class='ocrx_word' id='word_1_47' title='bbox 646 1033 761 1096; x_wconf 87' lang='lat' dir='ltr'><strong>Helena</strong></span> <span class='ocrx_word' id='word_1_48' title='bbox 782 1035 952 1117; x_wconf 81' lang='lat' dir='ltr'><strong>fugientem</strong></span> <span class='ocrx_word' id='word_1_49' title='bbox 973 1033 1134 1098; x_wconf 79' lang='lat' dir='ltr'><strong>abstulisse</strong></span> <span class='ocrx_word' id='word_1_50' title='bbox 1162 1039 1261 1097; x_wconf 82' lang='lat' dir='ltr'><strong>etiam</strong></span> 
     </span>
     <span class='ocr_line' id='line_1_8' title="bbox 251 1131 1276 1219; baseline 0.004 -27"><span class='ocrx_word' id='word_1_51' title='bbox 251 1133 353 1194; x_wconf 78' lang='lat' dir='ltr'><strong>stram</strong></span> <span class='ocrx_word' id='word_1_52' title='bbox 368 1145 397 1194; x_wconf 87' lang='lat' dir='ltr'><strong>et</strong></span> <span class='ocrx_word' id='word_1_53' title='bbox 413 1134 603 1213; x_wconf 74' lang='lat' dir='ltr'><strong>Clymenen,</strong></span> <span class='ocrx_word' id='word_1_54' title='bbox 613 1133 750 1196; x_wconf 82' lang='lat' dir='ltr'><strong>Menelai</strong></span> <span class='ocrx_word' id='word_1_55' title='bbox 759 1131 865 1214; x_wconf 70' lang='lat' dir='ltr'><strong>afficies</strong></span> <span class='ocrx_word' id='word_1_56' title='bbox 879 1135 923 1212; x_wconf 70' lang='lat' dir='ltr'><strong>th.</strong></span> <span class='ocrx_word' id='word_1_57' title='bbox 934 1157 962 1197; x_wconf 91' lang='lat' dir='ltr'><strong>e.</strong></span> <span class='ocrx_word' id='word_1_58' title='bbox 976 1145 1132 1219; x_wconf 82' lang='lat' dir='ltr'><strong>cognatas,</strong></span> <span class='ocrx_word' id='word_1_59' title='bbox 1147 1139 1276 1216; x_wconf 67' lang='lat' dir='ltr'><strong>aoyysru</strong></span> 
     </span>
     <span class='ocr_line' id='line_1_9' title="bbox 251 1230 1276 1318; baseline -0.001 -24"><span class='ocrx_word' id='word_1_60' title='bbox 251 1237 288 1294; x_wconf 86' lang='lat' dir='ltr'><strong>ut</strong></span> <span class='ocrx_word' id='word_1_61' title='bbox 309 1233 352 1294; x_wconf 91' lang='lat' dir='ltr'><strong>ait</strong></span> <span class='ocrx_word' id='word_1_62' title='bbox 375 1230 526 1311; x_wconf 82' lang='lat' dir='ltr'><strong>Mulelas),</strong></span> <span class='ocrx_word' id='word_1_63' title='bbox 547 1255 627 1318; x_wconf 85' lang='lat' dir='ltr'><strong>quae</strong></span> <span class='ocrx_word' id='word_1_64' title='bbox 643 1233 680 1294; x_wconf 84' lang='lat' dir='ltr'><strong>ob</strong></span> <span class='ocrx_word' id='word_1_65' title='bbox 706 1232 955 1295; x_wconf 78' lang='lat' dir='ltr'><strong>necessitudinem</strong></span> <span class='ocrx_word' id='word_1_66' title='bbox 974 1255 1041 1295; x_wconf 85' lang='lat' dir='ltr'><strong>enm</strong></span> <span class='ocrx_word' id='word_1_67' title='bbox 1060 1233 1186 1295; x_wconf 83' lang='lat' dir='ltr'><strong>Helena</strong></span> <span class='ocrx_word' id='word_1_68' title='bbox 1199 1235 1276 1316; x_wconf 82' lang='lat' dir='ltr'><strong>agel</strong></span> 
     </span>
     <span class='ocr_line' id='line_1_10' title="bbox 250 1329 1276 1418; baseline 0 -25"><span class='ocrx_word' id='word_1_69' title='bbox 250 1331 332 1393; x_wconf 86' lang='lat' dir='ltr'><strong>Dein</strong></span> <span class='ocrx_word' id='word_1_70' title='bbox 355 1351 422 1416; x_wconf 82' lang='lat' dir='ltr'><strong>cap.</strong></span> <span class='ocrx_word' id='word_1_71' title='bbox 442 1329 474 1412; x_wconf 77' lang='grc'><strong>4.</strong></span> <span class='ocrx_word' id='word_1_72' title='bbox 517 1333 595 1418; x_wconf 83' lang='lat' dir='ltr'><strong>Quis</strong></span> <span class='ocrx_word' id='word_1_73' title='bbox 615 1333 741 1414; x_wconf 58' lang='lat' dir='ltr'><strong>cogamus</strong></span> <span class='ocrx_word' id='word_1_74' title='bbox 759 1331 929 1411; x_wconf 78' lang='lat' dir='ltr'><em>Menelaus,</em></span> <span class='ocrx_word' id='word_1_75' title='bbox 947 1335 1004 1394; x_wconf 84' lang='lat' dir='ltr'><strong>etsi</strong></span> <span class='ocrx_word' id='word_1_76' title='bbox 1023 1333 1190 1396; x_wconf 79' lang='lat' dir='ltr'><strong>abstractio</strong></span> <span class='ocrx_word' id='word_1_77' title='bbox 1207 1333 1276 1394; x_wconf 85' lang='lat' dir='ltr'><strong>conl</strong></span> 
     </span>
     <span class='ocr_line' id='line_1_11' title="bbox 251 1432 1276 1518; baseline 0 -24"><span class='ocrx_word' id='word_1_78' title='bbox 251 1432 388 1495; x_wconf 80' lang='lat' dir='ltr'><strong>animum</strong></span> <span class='ocrx_word' id='word_1_79' title='bbox 398 1445 620 1518; x_wconf 80' lang='lat' dir='ltr'><strong>permoverat,</strong></span> <span class='ocrx_word' id='word_1_80' title='bbox 644 1435 739 1496; x_wconf 88' lang='lat' dir='ltr'><strong>multo</strong></span> <span class='ocrx_word' id='word_1_81' title='bbox 758 1433 893 1516; x_wconf 81' lang='lat' dir='ltr'><strong>amplius</strong></span> <span class='ocrx_word' id='word_1_82' title='bbox 916 1435 1072 1496; x_wconf 76' lang='lat' dir='ltr'><strong>tamenab</strong></span> <span class='ocrx_word' id='word_1_83' title='bbox 1093 1435 1240 1496; x_wconf 85' lang='lat' dir='ltr'><strong>iniuriam</strong></span> <span class='ocrx_word' id='word_1_84' title='bbox 1258 1455 1276 1494; x_wconf 83' lang='grc' dir='ltr'><em>α</em></span> 
     </span>
     <span class='ocr_line' id='line_1_12' title="bbox 251 1532 1276 1617; baseline -0.002 -23"><span class='ocrx_word' id='word_1_85' title='bbox 251 1533 355 1607; x_wconf 84' lang='lat' dir='ltr'><strong>nium,</strong></span> <span class='ocrx_word' id='word_1_86' title='bbox 387 1533 466 1617; x_wconf 79' lang='lat' dir='ltr'><strong>quas</strong></span> <span class='ocrx_word' id='word_1_87' title='bbox 482 1551 581 1615; x_wconf 86' lang='lat' dir='ltr'><strong>supra</strong></span> <span class='ocrx_word' id='word_1_88' title='bbox 602 1532 855 1608; x_wconf 83' lang='lat' dir='ltr'><strong>memoravimus,</strong></span> <span class='ocrx_word' id='word_1_89' title='bbox 885 1533 1143 1595; x_wconf 82' lang='lat' dir='ltr'><strong>coruternabatur.</strong></span> <span class='ocrx_word' id='word_1_90' title='bbox 1186 1533 1276 1611; x_wconf 85' lang='lat' dir='ltr'><strong>Quur</strong></span> 
     </span>
     <span class='ocr_line' id='line_1_13' title="bbox 251 1629 1276 1716; baseline -0.001 -23"><span class='ocrx_word' id='word_1_91' title='bbox 251 1632 460 1713; x_wconf 87' lang='lat' dir='ltr'><strong>superioribus</strong></span> <span class='ocrx_word' id='word_1_92' title='bbox 481 1629 558 1693; x_wconf 90' lang='lat' dir='ltr'><strong>nihil</strong></span> <span class='ocrx_word' id='word_1_93' title='bbox 578 1629 617 1692; x_wconf 93' lang='lat' dir='ltr'><strong>de</strong></span> <span class='ocrx_word' id='word_1_94' title='bbox 637 1629 721 1694; x_wconf 88' lang='lat' dir='ltr'><strong>hisce</strong></span> <span class='ocrx_word' id='word_1_95' title='bbox 742 1629 893 1716; x_wconf 81' lang='lat' dir='ltr'><strong>adfirsibus</strong></span> <span class='ocrx_word' id='word_1_96' title='bbox 913 1642 1066 1712; x_wconf 87' lang='lat' dir='ltr'><strong>occurrat,</strong></span> <span class='ocrx_word' id='word_1_97' title='bbox 1086 1633 1144 1693; x_wconf 90' lang='lat' dir='ltr'><strong>nisi</strong></span> <span class='ocrx_word' id='word_1_98' title='bbox 1167 1631 1251 1714; x_wconf 89' lang='lat' dir='ltr'><strong>quod</strong></span> <span class='ocrx_word' id='word_1_99' title='bbox 1275 1659 1276 1682; x_wconf 61' lang='lat' dir='ltr'><strong>r</strong></span> 
     </span>
     <span class='ocr_line' id='line_1_14' title="bbox 255 1727 1276 1813; baseline -0.001 -21"><span class='ocrx_word' id='word_1_100' title='bbox 255 1729 372 1792; x_wconf 84' lang='lat' dir='ltr'><strong>Helena</strong></span> <span class='ocrx_word' id='word_1_101' title='bbox 392 1731 514 1792; x_wconf 81' lang='lat' dir='ltr'><strong>ablatae</strong></span> <span class='ocrx_word' id='word_1_102' title='bbox 546 1751 669 1813; x_wconf 87' lang='lat' dir='ltr'><strong>quoque</strong></span> <span class='ocrx_word' id='word_1_103' title='bbox 688 1731 769 1808; x_wconf 86' lang='lat' dir='ltr'><strong>siut;</strong></span> <span class='ocrx_word' id='word_1_104' title='bbox 792 1750 888 1812; x_wconf 91' lang='lat' dir='ltr'><strong>quum</strong></span> <span class='ocrx_word' id='word_1_105' title='bbox 910 1727 996 1792; x_wconf 90' lang='lat' dir='ltr'><strong>nullo</strong></span> <span class='ocrx_word' id='word_1_106' title='bbox 1016 1729 1088 1792; x_wconf 89' lang='lat' dir='ltr'><strong>illae</strong></span> <span class='ocrx_word' id='word_1_107' title='bbox 1108 1732 1221 1792; x_wconf 74' lang='lat' dir='ltr'><strong>amor-is</strong></span> <span class='ocrx_word' id='word_1_108' title='bbox 1244 1741 1276 1791; x_wconf 82' lang='lat' dir='ltr'><strong>su</strong></span> 
     </span>
     <span class='ocr_line' id='line_1_15' title="bbox 254 1827 1276 1913; baseline -0.001 -22"><span class='ocrx_word' id='word_1_109' title='bbox 254 1841 309 1892; x_wconf 91' lang='lat' dir='ltr'><strong>ant</strong></span> <span class='ocrx_word' id='word_1_110' title='bbox 328 1831 462 1913; x_wconf 85' lang='lat' dir='ltr'><strong>impetu,</strong></span> <span class='ocrx_word' id='word_1_111' title='bbox 484 1831 562 1891; x_wconf 87' lang='lat' dir='ltr'><strong>sicut</strong></span> <span class='ocrx_word' id='word_1_112' title='bbox 582 1828 708 1906; x_wconf 88' lang='lat' dir='ltr'><strong>Helena,</strong></span> <span class='ocrx_word' id='word_1_113' title='bbox 729 1827 847 1891; x_wconf 82' lang='lat' dir='ltr'><strong>fuerint</strong></span> <span class='ocrx_word' id='word_1_114' title='bbox 869 1840 987 1911; x_wconf 81' lang='lat' dir='ltr'><strong>raptae,</strong></span> <span class='ocrx_word' id='word_1_115' title='bbox 1012 1837 1045 1892; x_wconf 88' lang='lat' dir='ltr'><strong>et</strong></span> <span class='ocrx_word' id='word_1_116' title='bbox 1064 1827 1134 1891; x_wconf 88' lang='lat' dir='ltr'><strong>idco</strong></span> <span class='ocrx_word' id='word_1_117' title='bbox 1153 1829 1254 1912; x_wconf 90' lang='lat' dir='ltr'><strong>potius</strong></span> <span class='ocrx_word' id='word_1_118' title='bbox 1275 1853 1276 1860; x_wconf 51' lang='lat'>¹</span> 
     </span>
     <span class='ocr_line' id='line_1_16' title="bbox 253 1929 1255 2014; baseline -0.001 -23"><span class='ocrx_word' id='word_1_119' title='bbox 253 1951 345 2014; x_wconf 91' lang='lat' dir='ltr'><strong>quam</strong></span> <span class='ocrx_word' id='word_1_120' title='bbox 374 1929 446 1992; x_wconf 88' lang='lat' dir='ltr'><strong>vilia</strong></span> <span class='ocrx_word' id='word_1_121' title='bbox 476 1950 607 2012; x_wconf 88' lang='lat' dir='ltr'><strong>corpora</strong></span> <span class='ocrx_word' id='word_1_122' title='bbox 637 1929 669 1990; x_wconf 90' lang='lat' dir='ltr'><strong>in</strong></span> <span class='ocrx_word' id='word_1_123' title='bbox 689 1930 868 1992; x_wconf 85' lang='lat' dir='ltr'><strong>servitutem</strong></span> <span class='ocrx_word' id='word_1_124' title='bbox 899 1929 1065 1992; x_wconf 82' lang='lat' dir='ltr'><strong>videantur</strong></span> <span class='ocrx_word' id='word_1_125' title='bbox 1084 1929 1255 1991; x_wconf 77' lang='lat' dir='ltr'><strong>abductaec</strong></span> 
     </span>
     <span class='ocr_line' id='line_1_17' title="bbox 252 2027 1276 2112; baseline -0.001 -22"><span class='ocrx_word' id='word_1_126' title='bbox 252 2027 330 2092; x_wconf 87' lang='lat' dir='ltr'><strong>hacc</strong></span> <span class='ocrx_word' id='word_1_127' title='bbox 356 2027 449 2092; x_wconf 87' lang='lat' dir='ltr'><strong>verba</strong></span> <span class='ocrx_word' id='word_1_128' title='bbox 479 2028 624 2092; x_wconf 86' lang='lat' dir='ltr'><strong>historiae</strong></span> <span class='ocrx_word' id='word_1_129' title='bbox 654 2049 747 2112; x_wconf 88' lang='lat' dir='ltr'><strong>parce</strong></span> <span class='ocrx_word' id='word_1_130' title='bbox 781 2028 858 2091; x_wconf 87' lang='lat' dir='ltr'><strong>adeo</strong></span> <span class='ocrx_word' id='word_1_131' title='bbox 887 2031 1040 2112; x_wconf 80' lang='lat' dir='ltr'><strong>expositae</strong></span> <span class='ocrx_word' id='word_1_132' title='bbox 1062 2027 1150 2091; x_wconf 87' lang='lat' dir='ltr'><strong>aliter</strong></span> <span class='ocrx_word' id='word_1_133' title='bbox 1176 2032 1276 2112; x_wconf 82' lang='lat' dir='ltr'><strong>accipe</strong></span> 
     </span>
     <span class='ocr_line' id='line_1_18' title="bbox 255 2125 1276 2212; baseline 0 -24"><span class='ocrx_word' id='word_1_134' title='bbox 255 2150 359 2212; x_wconf 89' lang='lat' dir='ltr'><strong>quam,</strong></span> <span class='ocrx_word' id='word_1_135' title='bbox 376 2125 549 2190; x_wconf 84' lang='lat' dir='ltr'><strong>Menelaum</strong></span> <span class='ocrx_word' id='word_1_136' title='bbox 561 2127 651 2190; x_wconf 82' lang='lat' dir='ltr'><strong>luisse</strong></span> <span class='ocrx_word' id='word_1_137' title='bbox 664 2130 766 2190; x_wconf 92' lang='lat' dir='ltr'><strong>animo</strong></span> <span class='ocrx_word' id='word_1_138' title='bbox 778 2139 1004 2190; x_wconf 86' lang='lat' dir='ltr'><strong>consternatum</strong></span> <span class='ocrx_word' id='word_1_139' title='bbox 1020 2127 1060 2189; x_wconf 89' lang='lat' dir='ltr'><strong>ob</strong></span> <span class='ocrx_word' id='word_1_140' title='bbox 1074 2129 1228 2200; x_wconf 88' lang='lat' dir='ltr'><strong>iniuriam,</strong></span> <span class='ocrx_word' id='word_1_141' title='bbox 1251 2147 1276 2212; x_wconf 79' lang='lat' dir='ltr'><strong>cp</strong></span> 
     </span>
     <span class='ocr_line' id='line_1_19' title="bbox 210 2225 1276 2316; baseline -0.001 -28"><span class='ocrx_word' id='word_1_142' title='bbox 210 2299 212 2306; x_wconf 21' lang='grc' dir='ltr'>Ι</span> <span class='ocrx_word' id='word_1_143' title='bbox 254 2248 361 2316; x_wconf 82' lang='lat' dir='ltr'><strong>passae</strong></span> <span class='ocrx_word' id='word_1_144' title='bbox 382 2225 498 2290; x_wconf 86' lang='lat' dir='ltr'><strong>luerint</strong></span> <span class='ocrx_word' id='word_1_145' title='bbox 518 2248 554 2290; x_wconf 93' lang='lat' dir='ltr'><strong>eo</strong></span> <span class='ocrx_word' id='word_1_146' title='bbox 569 2227 803 2312; x_wconf 84' lang='lat' dir='ltr'><strong>raptuillustres</strong></span> <span class='ocrx_word' id='word_1_147' title='bbox 816 2226 886 2290; x_wconf 91' lang='lat' dir='ltr'><strong>illae</strong></span> <span class='ocrx_word' id='word_1_148' title='bbox 907 2228 1059 2290; x_wconf 74' lang='lat' dir='ltr'><strong>feminae?</strong></span> <span class='ocrx_word' id='word_1_149' title='bbox 1083 2227 1127 2290; x_wconf 88' lang='lat' dir='ltr'><strong>Et</strong></span> <span class='ocrx_word' id='word_1_150' title='bbox 1146 2229 1243 2289; x_wconf 88' lang='lat' dir='ltr'><strong>miror</strong></span> <span class='ocrx_word' id='word_1_151' title='bbox 1258 2248 1276 2288; x_wconf 70' lang='lat' dir='ltr'><strong>si</strong></span> 
     </span>
     <span class='ocr_line' id='line_1_20' title="bbox 256 2326 1276 2412; baseline -0.002 -24"><span class='ocrx_word' id='word_1_152' title='bbox 256 2327 333 2388; x_wconf 89' lang='lat' dir='ltr'><strong>nihil</strong></span> <span class='ocrx_word' id='word_1_153' title='bbox 357 2349 483 2412; x_wconf 84' lang='lat' dir='ltr'><strong>prorsus</strong></span> <span class='ocrx_word' id='word_1_154' title='bbox 503 2328 569 2389; x_wconf 86' lang='lat' dir='ltr'><strong>istic</strong></span> <span class='ocrx_word' id='word_1_155' title='bbox 584 2349 602 2392; x_wconf 89' lang='lat' dir='ltr'><strong>a</strong></span> <span class='ocrx_word' id='word_1_156' title='bbox 618 2348 770 2412; x_wconf 86' lang='lat' dir='ltr'><strong>quoquam</strong></span> <span class='ocrx_word' id='word_1_157' title='bbox 783 2349 820 2390; x_wconf 89' lang='lat' dir='ltr'><strong>ea</strong></span> <span class='ocrx_word' id='word_1_158' title='bbox 840 2326 880 2390; x_wconf 90' lang='lat' dir='ltr'><strong>de</strong></span> <span class='ocrx_word' id='word_1_159' title='bbox 892 2347 926 2390; x_wconf 84' lang='lat' dir='ltr'><strong>ne</strong></span> <span class='ocrx_word' id='word_1_160' title='bbox 946 2338 1136 2390; x_wconf 89' lang='lat' dir='ltr'><strong>annotatum.</strong></span> <span class='ocrx_word' id='word_1_161' title='bbox 1161 2327 1240 2388; x_wconf 88' lang='lat' dir='ltr'><strong>Nam</strong></span> <span class='ocrx_word' id='word_1_162' title='bbox 1262 2348 1276 2387; x_wconf 87' lang='lat' dir='ltr'><strong>o</strong></span> 
     </span>
     <span class='ocr_line' id='line_1_21' title="bbox 216 2425 1276 2512; baseline -0.004 -23"><span class='ocrx_word' id='word_1_163' title='bbox 216 2428 219 2434; x_wconf 83' lang='grc'><strong>’</strong></span> <span class='ocrx_word' id='word_1_164' title='bbox 255 2425 345 2512; x_wconf 83' lang='lat' dir='ltr'><strong>longe</strong></span> <span class='ocrx_word' id='word_1_165' title='bbox 366 2428 456 2490; x_wconf 89' lang='lat' dir='ltr'><strong>aliter</strong></span> <span class='ocrx_word' id='word_1_166' title='bbox 483 2449 517 2490; x_wconf 87' lang='lat' dir='ltr'><strong>se</strong></span> <span class='ocrx_word' id='word_1_167' title='bbox 537 2449 587 2490; x_wconf 87' lang='lat' dir='ltr'><strong>res</strong></span> <span class='ocrx_word' id='word_1_168' title='bbox 607 2425 737 2509; x_wconf 87' lang='lat' dir='ltr'><strong>habuit,</strong></span> <span class='ocrx_word' id='word_1_169' title='bbox 773 2437 806 2490; x_wconf 90' lang='lat' dir='ltr'><strong>et</strong></span> <span class='ocrx_word' id='word_1_170' title='bbox 830 2427 967 2490; x_wconf 83' lang='lat' dir='ltr'><strong>Graecus</strong></span> <span class='ocrx_word' id='word_1_171' title='bbox 988 2427 1038 2490; x_wconf 87' lang='lat' dir='ltr'><strong>ille</strong></span> <span class='ocrx_word' id='word_1_172' title='bbox 1057 2427 1164 2510; x_wconf 80' lang='lat' dir='ltr'><strong>Dictys</strong></span> <span class='ocrx_word' id='word_1_173' title='bbox 1186 2425 1276 2486; x_wconf 83' lang='lat' dir='ltr'><strong>histor</strong></span> 
     </span>
     <span class='ocr_line' id='line_1_22' title="bbox 258 2523 1276 2612; baseline -0.001 -25"><span class='ocrx_word' id='word_1_174' title='bbox 258 2523 341 2588; x_wconf 87' lang='lat' dir='ltr'><strong>hanc</strong></span> <span class='ocrx_word' id='word_1_175' title='bbox 364 2549 427 2590; x_wconf 90' lang='lat' dir='ltr'><strong>uon</strong></span> <span class='ocrx_word' id='word_1_176' title='bbox 447 2527 537 2590; x_wconf 91' lang='lat' dir='ltr'><strong>aliter</strong></span> <span class='ocrx_word' id='word_1_177' title='bbox 560 2527 697 2612; x_wconf 88' lang='lat' dir='ltr'><strong>quidem,</strong></span> <span class='ocrx_word' id='word_1_178' title='bbox 720 2526 774 2590; x_wconf 86' lang='lat' dir='ltr'><strong>sed</strong></span> <span class='ocrx_word' id='word_1_179' title='bbox 794 2528 943 2612; x_wconf 80' lang='lat' dir='ltr'><strong>copiosius</strong></span> <span class='ocrx_word' id='word_1_180' title='bbox 963 2537 1063 2588; x_wconf 68' lang='lat' dir='ltr'><strong>nmen</strong></span> <span class='ocrx_word' id='word_1_181' title='bbox 1084 2527 1276 2606; x_wconf 74' lang='lat' dir='ltr'><strong>enarravit,s</strong></span> 
     </span>
     <span class='ocr_line' id='line_1_23' title="bbox 256 2626 1276 2710; baseline -0.003 -22"><span class='ocrx_word' id='word_1_182' title='bbox 256 2647 319 2689; x_wconf 89' lang='lat' dir='ltr'><strong>nou</strong></span> <span class='ocrx_word' id='word_1_183' title='bbox 341 2628 459 2703; x_wconf 86' lang='lat' dir='ltr'><strong>omisit,</strong></span> <span class='ocrx_word' id='word_1_184' title='bbox 487 2638 523 2690; x_wconf 90' lang='lat' dir='ltr'><strong>ut</strong></span> <span class='ocrx_word' id='word_1_185' title='bbox 550 2637 655 2692; x_wconf 89' lang='lat' dir='ltr'><strong>noster</strong></span> <span class='ocrx_word' id='word_1_186' title='bbox 674 2626 857 2710; x_wconf 88' lang='lat' dir='ltr'><strong>Septimius,</strong></span> <span class='ocrx_word' id='word_1_187' title='bbox 887 2627 1149 2708; x_wconf 82' lang='lat' dir='ltr'><strong>circumstantias,</strong></span> <span class='ocrx_word' id='word_1_188' title='bbox 1179 2647 1215 2688; x_wconf 85' lang='lat' dir='ltr'><strong>ex</strong></span> <span class='ocrx_word' id='word_1_189' title='bbox 1233 2629 1276 2709; x_wconf 68' lang='lat' dir='ltr'><strong>qu}</strong></span> 
     </span>
     <span class='ocr_line' id='line_1_24' title="bbox 257 2725 1276 2810; baseline -0.002 -23"><span class='ocrx_word' id='word_1_190' title='bbox 257 2727 340 2788; x_wconf 88' lang='lat' dir='ltr'><strong>illius</strong></span> <span class='ocrx_word' id='word_1_191' title='bbox 360 2727 492 2790; x_wconf 84' lang='lat' dir='ltr'><strong>iniuriae</strong></span> <span class='ocrx_word' id='word_1_192' title='bbox 519 2741 550 2790; x_wconf 88' lang='lat' dir='ltr'><strong>et</strong></span> <span class='ocrx_word' id='word_1_193' title='bbox 575 2729 830 2792; x_wconf 82' lang='lat' dir='ltr'><strong>consternationis</strong></span> <span class='ocrx_word' id='word_1_194' title='bbox 842 2729 921 2790; x_wconf 90' lang='lat' dir='ltr'><strong>ratio</strong></span> <span class='ocrx_word' id='word_1_195' title='bbox 940 2737 1113 2810; x_wconf 83' lang='lat' dir='ltr'><strong>appareret.</strong></span> <span class='ocrx_word' id='word_1_196' title='bbox 1154 2725 1231 2788; x_wconf 83' lang='lat' dir='ltr'><strong>llam</strong></span> <span class='ocrx_word' id='word_1_197' title='bbox 1252 2737 1276 2787; x_wconf 84' lang='lat' dir='ltr'><strong>ut</strong></span> 
     </span>
     <span class='ocr_line' id='line_1_25' title="bbox 258 2803 1276 2912; baseline -0.004 -25"><span class='ocrx_word' id='word_1_198' title='bbox 258 2803 369 2888; x_wconf 79' lang='lat' dir='ltr'><strong>llalela</strong></span> <span class='ocrx_word' id='word_1_199' title='bbox 397 2826 539 2890; x_wconf 89' lang='lat' dir='ltr'><strong>novimus</strong></span> <span class='ocrx_word' id='word_1_200' title='bbox 571 2825 625 2894; x_wconf 91' lang='lat' dir='ltr'><strong>lib.</strong></span> <span class='ocrx_word' id='word_1_201' title='bbox 648 2827 689 2896; x_wconf 85' lang='lat' dir='ltr'><strong>V.</strong></span> <span class='ocrx_word' id='word_1_202' title='bbox 705 2849 738 2912; x_wconf 87' lang='lat' dir='ltr'><strong>p.</strong></span> <span class='ocrx_word' id='word_1_203' title='bbox 765 2847 832 2910; x_wconf 87' lang='lat'><strong>¹¹9·</strong></span> <span class='ocrx_word' id='word_1_204' title='bbox 874 2827 959 2889; x_wconf 88' lang='lat' dir='ltr'><strong>Pan&#39;s</strong></span> <span class='ocrx_word' id='word_1_205' title='bbox 980 2847 1036 2908; x_wconf 88' lang='lat' dir='ltr'><strong>per</strong></span> <span class='ocrx_word' id='word_1_206' title='bbox 1054 2825 1199 2888; x_wconf 79' lang='lat' dir='ltr'><strong>Aethram</strong></span> <span class='ocrx_word' id='word_1_207' title='bbox 1217 2827 1276 2887; x_wconf 85' lang='lat' dir='ltr'><strong>ett</strong></span> 
     </span>
     <span class='ocr_line' id='line_1_26' title="bbox 245 2918 1276 3012; baseline -0.003 -25"><span class='ocrx_word' id='word_1_208' title='bbox 245 2921 380 2988; x_wconf 81' lang='lat' dir='ltr'><strong>&#39;menam</strong></span> <span class='ocrx_word' id='word_1_209' title='bbox 402 2929 536 3012; x_wconf 82' lang='lat' dir='ltr'><strong>eorrupit</strong></span> <span class='ocrx_word' id='word_1_210' title='bbox 553 2918 770 3006; x_wconf 72' lang='grc' dir='ltr'><strong>(ὖπενόθευσε)</strong></span> <span class='ocrx_word' id='word_1_211' title='bbox 792 2925 961 3006; x_wconf 88' lang='lat' dir='ltr'><strong>Helenam,</strong></span> <span class='ocrx_word' id='word_1_212' title='bbox 980 2927 1073 2988; x_wconf 84' lang='lat' dir='ltr'><strong>etita</strong></span> <span class='ocrx_word' id='word_1_213' title='bbox 1093 2923 1175 2986; x_wconf 90' lang='lat' dir='ltr'><strong>ultro</strong></span> <span class='ocrx_word' id='word_1_214' title='bbox 1193 2924 1250 2987; x_wconf 89' lang='lat' dir='ltr'><strong>hae</strong></span> <span class='ocrx_word' id='word_1_215' title='bbox 1272 2941 1276 2984; x_wconf 79' lang='lat' dir='ltr'><strong>t</strong></span> 
     </span>
     <span class='ocr_line' id='line_1_27' title="bbox 261 3017 1276 3108; baseline -0.002 -22"><span class='ocrx_word' id='word_1_216' title='bbox 261 3025 349 3087; x_wconf 85' lang='lat' dir='ltr'><strong>lieres</strong></span> <span class='ocrx_word' id='word_1_217' title='bbox 377 3049 448 3088; x_wconf 89' lang='lat' dir='ltr'><strong>cum</strong></span> <span class='ocrx_word' id='word_1_218' title='bbox 478 3024 597 3086; x_wconf 83' lang='lat' dir='ltr'><strong>Helena</strong></span> <span class='ocrx_word' id='word_1_219' title='bbox 630 3035 660 3086; x_wconf 88' lang='lat' dir='ltr'><strong>et</strong></span> <span class='ocrx_word' id='word_1_220' title='bbox 690 3025 803 3087; x_wconf 87' lang='lat' dir='ltr'><strong>Paride</strong></span> <span class='ocrx_word' id='word_1_221' title='bbox 829 3025 863 3086; x_wconf 88' lang='lat' dir='ltr'><strong>in</strong></span> <span class='ocrx_word' id='word_1_222' title='bbox 887 3025 989 3108; x_wconf 74' lang='lat' dir='ltr'><strong>liugan</strong></span> <span class='ocrx_word' id='word_1_223' title='bbox 1009 3045 1041 3087; x_wconf 90' lang='lat' dir='ltr'><strong>se</strong></span> <span class='ocrx_word' id='word_1_224' title='bbox 1063 3017 1220 3090; x_wconf 81' lang='lat' dir='ltr'><strong>dederuut.</strong></span> <span class='ocrx_word' id='word_1_225' title='bbox 1260 3021 1276 3084; x_wconf 77' lang='lat' dir='ltr'><strong>l</strong></span> 
     </span>
     <span class='ocr_line' id='line_1_28' title="bbox 259 3120 1276 3207; baseline -0.003 -22"><span class='ocrx_word' id='word_1_226' title='bbox 259 3125 321 3185; x_wconf 85' lang='lat' dir='ltr'><strong>inm</strong></span> <span class='ocrx_word' id='word_1_227' title='bbox 341 3125 423 3207; x_wconf 89' lang='lat' dir='ltr'><strong>apud</strong></span> <span class='ocrx_word' id='word_1_228' title='bbox 443 3123 585 3186; x_wconf 86' lang='lat' dir='ltr'><strong>Mulelam</strong></span> <span class='ocrx_word' id='word_1_229' title='bbox 605 3144 638 3204; x_wconf 82' lang='lat' dir='ltr'><strong>p.</strong></span> <span class='ocrx_word' id='word_1_230' title='bbox 653 3143 720 3189; x_wconf 84' lang='lat' dir='ltr'><strong>sao.</strong></span> <span class='ocrx_word' id='word_1_231' title='bbox 740 3121 909 3202; x_wconf 88' lang='lat' dir='ltr'><strong>Menelaus,</strong></span> <span class='ocrx_word' id='word_1_232' title='bbox 935 3145 1032 3206; x_wconf 91' lang='lat' dir='ltr'><strong>quum</strong></span> <span class='ocrx_word' id='word_1_233' title='bbox 1052 3120 1241 3186; x_wconf 82' lang='lat' dir='ltr'><strong>intellexisset</strong></span> <span class='ocrx_word' id='word_1_234' title='bbox 1259 3121 1276 3182; x_wconf 84' lang='lat' dir='ltr'><strong>h</strong></span> 
     </span>
     <span class='ocr_line' id='line_1_29' title="bbox 259 3217 1276 3306; baseline -0.002 -22"><span class='ocrx_word' id='word_1_235' title='bbox 259 3233 381 3306; x_wconf 85' lang='lat' dir='ltr'><strong>raptum</strong></span> <span class='ocrx_word' id='word_1_236' title='bbox 402 3234 433 3283; x_wconf 86' lang='lat' dir='ltr'><strong>et</strong></span> <span class='ocrx_word' id='word_1_237' title='bbox 453 3223 569 3306; x_wconf 76' lang='lat' dir='ltr'><strong>sugam,</strong></span> <span class='ocrx_word' id='word_1_238' title='bbox 582 3222 666 3282; x_wconf 85' lang='lat' dir='ltr'><strong>stetit</strong></span> <span class='ocrx_word' id='word_1_239' title='bbox 688 3233 720 3282; x_wconf 90' lang='lat' dir='ltr'><strong>et</strong></span> <span class='ocrx_word' id='word_1_240' title='bbox 740 3223 850 3282; x_wconf 89' lang='lat' dir='ltr'><strong>mansit</strong></span> <span class='ocrx_word' id='word_1_241' title='bbox 864 3221 1051 3305; x_wconf 90' lang='lat' dir='ltr'><strong>aliquamdiu</strong></span> <span class='ocrx_word' id='word_1_242' title='bbox 1070 3236 1187 3306; x_wconf 76' lang='lat' dir='ltr'><strong>stupam</strong></span> <span class='ocrx_word' id='word_1_243' title='bbox 1198 3217 1276 3305; x_wconf 73' lang='lat' dir='ltr'><strong>desta</strong></span> 
     </span>
     <span class='ocr_line' id='line_1_30' title="bbox 259 3312 1276 3404; baseline -0.004 -22"><span class='ocrx_word' id='word_1_244' title='bbox 259 3317 339 3382; x_wconf 78' lang='lat' dir='ltr'><strong>noli</strong></span> <span class='ocrx_word' id='word_1_245' title='bbox 360 3315 422 3402; x_wconf 72' lang='grc' dir='ltr'><strong>γάρ</strong></span> <span class='ocrx_word' id='word_1_246' title='bbox 442 3315 585 3402; x_wconf 67' lang='grc' dir='ltr'><strong>ἐλυπήθη</strong></span> <span class='ocrx_word' id='word_1_247' title='bbox 615 3315 670 3381; x_wconf 78' lang='grc' dir='ltr'><strong>διὰ</strong></span> <span class='ocrx_word' id='word_1_248' title='bbox 691 3312 748 3401; x_wconf 68' lang='grc' dir='ltr'><strong>τήν</strong></span> <span class='ocrx_word' id='word_1_249' title='bbox 771 3312 915 3404; x_wconf 73' lang='grc' dir='ltr'><em>Αἴθραν·</em></span> <span class='ocrx_word' id='word_1_250' title='bbox 946 3313 986 3402; x_wconf 77' lang='grc' dir='ltr'><strong>ἢν</strong></span> <span class='ocrx_word' id='word_1_251' title='bbox 1005 3316 1068 3402; x_wconf 78' lang='lat' dir='ltr'><strong>yrip</strong></span> <span class='ocrx_word' id='word_1_252' title='bbox 1091 3314 1208 3399; x_wconf 82' lang='grc' dir='ltr'><strong><em>ἔχουσα</em></strong></span> <span class='ocrx_word' id='word_1_253' title='bbox 1225 3315 1276 3380; x_wconf 77' lang='lat' dir='ltr'><strong>siat</strong></span> 
     </span>
     <span class='ocr_line' id='line_1_31' title="bbox 260 3415 1276 3504; baseline -0.003 -25"><span class='ocrx_word' id='word_1_254' title='bbox 260 3433 320 3498; x_wconf 77' lang='grc' dir='ltr'><strong>ψιν</strong></span> <span class='ocrx_word' id='word_1_255' title='bbox 351 3423 427 3502; x_wconf 80' lang='grc' dir='ltr'><strong>παρ’</strong></span> <span class='ocrx_word' id='word_1_256' title='bbox 447 3418 533 3504; x_wconf 71' lang='grc' dir='ltr'><strong>αὐτῷ</strong></span> <span class='ocrx_word' id='word_1_257' title='bbox 561 3415 727 3503; x_wconf 73' lang='grc' dir='ltr'><em>σώφρονος</em></span> <span class='ocrx_word' id='word_1_258' title='bbox 748 3417 842 3485; x_wconf 81' lang='grc' dir='ltr'>πάνυ.</span> <span class='ocrx_word' id='word_1_259' title='bbox 872 3421 997 3482; x_wconf 78' lang='lat' dir='ltr'><strong>niallam</strong></span> <span class='ocrx_word' id='word_1_260' title='bbox 1028 3423 1108 3482; x_wconf 70' lang='lat' dir='ltr'><strong>eneas</strong></span> <span class='ocrx_word' id='word_1_261' title='bbox 1135 3419 1238 3481; x_wconf 85' lang='lat' dir='ltr'><strong>aninro</strong></span> <span class='ocrx_word' id='word_1_262' title='bbox 1258 3439 1276 3478; x_wconf 79' lang='lat' dir='ltr'><strong>c</strong></span> 
     </span>
     <span class='ocr_line' id='line_1_32' title="bbox 260 3517 1276 3604; baseline -0.001 -25"><span class='ocrx_word' id='word_1_263' title='bbox 260 3531 354 3580; x_wconf 68' lang='lat' dir='ltr'><strong>rrectius</strong></span> <span class='ocrx_word' id='word_1_264' title='bbox 371 3522 457 3579; x_wconf 83' lang='lat' dir='ltr'><strong>estin</strong></span> <span class='ocrx_word' id='word_1_265' title='bbox 483 3521 647 3597; x_wconf 72' lang='lat' dir='ltr'><strong>tristitiam,</strong></span> <span class='ocrx_word' id='word_1_266' title='bbox 669 3519 737 3587; x_wconf 84' lang='lat' dir='ltr'><strong>soil.</strong></span> <span class='ocrx_word' id='word_1_267' title='bbox 761 3518 837 3598; x_wconf 89' lang='lat' dir='ltr'><strong>irae,</strong></span> <span class='ocrx_word' id='word_1_268' title='bbox 855 3533 982 3604; x_wconf 76' lang='lat' dir='ltr'><strong>propter</strong></span> <span class='ocrx_word' id='word_1_269' title='bbox 998 3518 1171 3581; x_wconf 81' lang='lat' dir='ltr'><strong>Aethram:</strong></span> <span class='ocrx_word' id='word_1_270' title='bbox 1186 3517 1276 3580; x_wconf 73' lang='lat' dir='ltr'><strong>casin</strong></span> 
     </span>
     <span class='ocr_line' id='line_1_33' title="bbox 260 3619 1276 3704; baseline -0.005 -25"><span class='ocrx_word' id='word_1_271' title='bbox 260 3629 309 3679; x_wconf 85' lang='lat' dir='ltr'><strong>rat</strong></span> <span class='ocrx_word' id='word_1_272' title='bbox 330 3619 487 3679; x_wconf 79' lang='lat' dir='ltr'><strong>animilia</strong></span> <span class='ocrx_word' id='word_1_273' title='bbox 513 3621 572 3680; x_wconf 83' lang='lat' dir='ltr'><strong>sibi</strong></span> <span class='ocrx_word' id='word_1_274' title='bbox 598 3619 683 3704; x_wconf 87' lang='lat' dir='ltr'><strong>apud</strong></span> <span class='ocrx_word' id='word_1_275' title='bbox 704 3623 804 3704; x_wconf 86' lang='lat' dir='ltr'><strong>ipsum</strong></span> <span class='ocrx_word' id='word_1_276' title='bbox 829 3621 1081 3681; x_wconf 70' lang='lat' dir='ltr'><strong>existimationem</strong></span> <span class='ocrx_word' id='word_1_277' title='bbox 1090 3619 1231 3698; x_wconf 84' lang='lat' dir='ltr'><strong>feminac</strong></span> <span class='ocrx_word' id='word_1_278' title='bbox 1247 3635 1276 3699; x_wconf 75' lang='lat' dir='ltr'><strong>pi</strong></span> 
     </span>
     <span class='ocr_line' id='line_1_34' title="bbox 260 3717 1276 3802; baseline -0.002 -24"><span class='ocrx_word' id='word_1_279' title='bbox 260 3739 307 3778; x_wconf 76' lang='lat' dir='ltr'><strong>sris</strong></span> <span class='ocrx_word' id='word_1_280' title='bbox 327 3731 434 3778; x_wconf 87' lang='lat' dir='ltr'><strong>castae</strong></span> <span class='ocrx_word' id='word_1_281' title='bbox 451 3733 481 3779; x_wconf 84' lang='lat' dir='ltr'><strong>et</strong></span> <span class='ocrx_word' id='word_1_282' title='bbox 500 3721 624 3802; x_wconf 76' lang='lat' dir='ltr'><strong>probae.</strong></span> <span class='ocrx_word' id='word_1_283' title='bbox 649 3718 797 3779; x_wconf 84' lang='lat' dir='ltr'><strong>Videmus</strong></span> <span class='ocrx_word' id='word_1_284' title='bbox 818 3717 900 3794; x_wconf 88' lang='lat' dir='ltr'><strong>hinc,</strong></span> <span class='ocrx_word' id='word_1_285' title='bbox 925 3739 1021 3800; x_wconf 86' lang='lat' dir='ltr'><strong>quare</strong></span> <span class='ocrx_word' id='word_1_286' title='bbox 1041 3718 1084 3778; x_wconf 85' lang='lat' dir='ltr'><strong>ita</strong></span> <span class='ocrx_word' id='word_1_287' title='bbox 1105 3718 1195 3778; x_wconf 85' lang='lat' dir='ltr'><strong>multo</strong></span> <span class='ocrx_word' id='word_1_288' title='bbox 1211 3735 1276 3797; x_wconf 80' lang='lat' dir='ltr'><strong>amp</strong></span> 
     </span>
     <span class='ocr_line' id='line_1_35' title="bbox 260 3814 1276 3904; baseline -0.004 -25"><span class='ocrx_word' id='word_1_289' title='bbox 260 3819 299 3879; x_wconf 79' lang='lat' dir='ltr'><strong>ab</strong></span> <span class='ocrx_word' id='word_1_290' title='bbox 328 3817 476 3878; x_wconf 82' lang='lat' dir='ltr'><strong>iniurium</strong></span> <span class='ocrx_word' id='word_1_291' title='bbox 501 3839 623 3879; x_wconf 76' lang='lat' dir='ltr'><strong>sicarum</strong></span> <span class='ocrx_word' id='word_1_292' title='bbox 650 3819 799 3904; x_wconf 73' lang='lat' dir='ltr'><strong>ucffiuium</strong></span> <span class='ocrx_word' id='word_1_293' title='bbox 823 3830 1025 3881; x_wconf 75' lang='lat' dir='ltr'><strong>comternatus</strong></span> <span class='ocrx_word' id='word_1_294' title='bbox 1054 3817 1145 3878; x_wconf 87' lang='lat' dir='ltr'><strong>luerit</strong></span> <span class='ocrx_word' id='word_1_295' title='bbox 1173 3814 1276 3879; x_wconf 79' lang='lat' dir='ltr'><strong>Menela</strong></span> 
     </span>
     <span class='ocr_line' id='line_1_36' title="bbox 261 3916 1276 3998; baseline -0.002 -22"><span class='ocrx_word' id='word_1_296' title='bbox 261 3927 328 3977; x_wconf 88' lang='lat' dir='ltr'><strong>tum</strong></span> <span class='ocrx_word' id='word_1_297' title='bbox 353 3939 431 3998; x_wconf 85' lang='lat' dir='ltr'><strong>quae</strong></span> <span class='ocrx_word' id='word_1_298' title='bbox 454 3916 505 3977; x_wconf 87' lang='lat' dir='ltr'><strong>illa</strong></span> <span class='ocrx_word' id='word_1_299' title='bbox 526 3919 616 3978; x_wconf 90' lang='lat' dir='ltr'><strong>fuerit</strong></span> <span class='ocrx_word' id='word_1_300' title='bbox 635 3939 743 3978; x_wconf 87' lang='lat' dir='ltr'><strong>earum</strong></span> <span class='ocrx_word' id='word_1_301' title='bbox 764 3918 905 3998; x_wconf 83' lang='lat' dir='ltr'><strong>iniuria,</strong></span> <span class='ocrx_word' id='word_1_302' title='bbox 926 3917 1039 3978; x_wconf 87' lang='lat' dir='ltr'><strong>scilicet</strong></span> <span class='ocrx_word' id='word_1_303' title='bbox 1068 3937 1130 3977; x_wconf 91' lang='lat' dir='ltr'><strong>non</strong></span> <span class='ocrx_word' id='word_1_304' title='bbox 1163 3935 1276 3998; x_wconf 77' lang='lat' dir='ltr'><strong>quam}</strong></span> 
     </span>
     <span class='ocr_line' id='line_1_37' title="bbox 262 4014 1276 4098; baseline -0.004 -21"><span class='ocrx_word' id='word_1_305' title='bbox 262 4037 311 4077; x_wconf 84' lang='lat' dir='ltr'><strong>sae</strong></span> <span class='ocrx_word' id='word_1_306' title='bbox 334 4037 350 4075; x_wconf 85' lang='lat' dir='ltr'><strong>a</strong></span> <span class='ocrx_word' id='word_1_307' title='bbox 372 4015 494 4092; x_wconf 84' lang='lat' dir='ltr'><strong>Paride,</strong></span> <span class='ocrx_word' id='word_1_308' title='bbox 517 4018 568 4078; x_wconf 87' lang='lat' dir='ltr'><strong>sed</strong></span> <span class='ocrx_word' id='word_1_309' title='bbox 589 4037 681 4098; x_wconf 88' lang='lat' dir='ltr'><strong>quam</strong></span> <span class='ocrx_word' id='word_1_310' title='bbox 705 4016 842 4078; x_wconf 84' lang='lat' dir='ltr'><strong>fecerunt</strong></span> <span class='ocrx_word' id='word_1_311' title='bbox 856 4015 1018 4097; x_wconf 86' lang='lat' dir='ltr'><strong>Menelao,</strong></span> <span class='ocrx_word' id='word_1_312' title='bbox 1040 4015 1114 4076; x_wconf 88' lang='lat' dir='ltr'><strong>dum</strong></span> <span class='ocrx_word' id='word_1_313' title='bbox 1135 4014 1231 4076; x_wconf 83' lang='lat' dir='ltr'><strong>surtivi</strong></span> <span class='ocrx_word' id='word_1_314' title='bbox 1253 4033 1276 4074; x_wconf 76' lang='lat' dir='ltr'><strong>at</strong></span> 
     </span>
     <span class='ocr_line' id='line_1_38' title="bbox 264 4111 1276 4178; baseline -0.002 -2"><span class='ocrx_word' id='word_1_315' title='bbox 264 4117 306 4176; x_wconf 87' lang='lat' dir='ltr'><strong>ris</strong></span> <span class='ocrx_word' id='word_1_316' title='bbox 326 4116 506 4178; x_wconf 88' lang='lat' dir='ltr'><strong>iuterParin</strong></span> <span class='ocrx_word' id='word_1_317' title='bbox 530 4128 560 4178; x_wconf 90' lang='lat' dir='ltr'><strong>et</strong></span> <span class='ocrx_word' id='word_1_318' title='bbox 572 4115 720 4177; x_wconf 85' lang='lat' dir='ltr'><strong>Helenam</strong></span> <span class='ocrx_word' id='word_1_319' title='bbox 741 4117 866 4178; x_wconf 86' lang='lat' dir='ltr'><strong>luerunt</strong></span> <span class='ocrx_word' id='word_1_320' title='bbox 880 4117 1090 4178; x_wconf 88' lang='lat' dir='ltr'><strong>internunciae</strong></span> <span class='ocrx_word' id='word_1_321' title='bbox 1111 4123 1143 4176; x_wconf 89' lang='lat' dir='ltr'><strong>et</strong></span> <span class='ocrx_word' id='word_1_322' title='bbox 1161 4111 1276 4176; x_wconf 85' lang='lat' dir='ltr'><strong>concilia</strong></span> 
     </span>
     <span class='ocr_line' id='line_1_39' title="bbox 265 4213 1276 4300; baseline -0.003 -23"><span class='ocrx_word' id='word_1_323' title='bbox 265 4237 322 4293; x_wconf 86' lang='lat' dir='ltr'><strong>ecs,</strong></span> <span class='ocrx_word' id='word_1_324' title='bbox 347 4237 381 4279; x_wconf 87' lang='lat' dir='ltr'><strong>ac</strong></span> <span class='ocrx_word' id='word_1_325' title='bbox 402 4215 470 4278; x_wconf 89' lang='lat' dir='ltr'><strong>dein</strong></span> <span class='ocrx_word' id='word_1_326' title='bbox 495 4217 584 4300; x_wconf 78' lang='lat' dir='ltr'><strong>fugae</strong></span> <span class='ocrx_word' id='word_1_327' title='bbox 605 4215 768 4278; x_wconf 83' lang='lat' dir='ltr'><strong>adiutrices</strong></span> <span class='ocrx_word' id='word_1_328' title='bbox 787 4227 818 4279; x_wconf 86' lang='lat' dir='ltr'><strong>et</strong></span> <span class='ocrx_word' id='word_1_329' title='bbox 838 4219 983 4278; x_wconf 86' lang='lat' dir='ltr'><strong>comites:</strong></span> <span class='ocrx_word' id='word_1_330' title='bbox 1007 4215 1090 4299; x_wconf 88' lang='lat' dir='ltr'><strong>quod</strong></span> <span class='ocrx_word' id='word_1_331' title='bbox 1113 4226 1143 4276; x_wconf 90' lang='lat' dir='ltr'><strong>et</strong></span> <span class='ocrx_word' id='word_1_332' title='bbox 1163 4213 1276 4276; x_wconf 76' lang='lat' dir='ltr'><strong>Ovidius</strong></span> 
     </span>
    </p>
   </div>
   <div class='ocr_carea' id='block_1_3' title="bbox 0 0 1368 4688">
    <p class='ocr_par' dir='ltr' id='par_1_3' title="bbox 0 0 1368 4688">
     <span class='ocr_line' id='line_1_40' title="bbox 0 0 1368 4688; baseline 0 0"><span class='ocrx_word' id='word_1_333' title='bbox 0 0 1368 4688; x_wconf 95' lang='lat' dir='ltr'><strong> </strong></span> 
     </span>
    </p>
   </div>
  </div>
 </body>
</html>
