2724 4680
437 343 669 404 malannum
687 341 896 401 PHRYGIUM.
998 359 1003 368 ’

543 525 633 592 Car.
664 524 805 613 XLIV„
852 541 858 553 ·

195 677 255 718 cnm
269 659 410 717 Antenoris
417 655 542 738 factione
554 651 695 740 remansit)
716 657 761 718 De
776 655 827 716 hac
840 676 873 719 re
885 659 920 717 cl.
936 655 1056 718 Praelat.

109 825 137 888 c
194 745 323 804 mannhun
336 746 398 822 een)
416 762 450 805 cx
464 746 498 805 C.
516 749 545 806 et
555 744 670 806 flemie.
682 746 758 808 can
772 742 820 807 tol.
836 747 908 810 173.
922 743 1027 824 scripti.
1050 743 1102 823 Sg.
1112 750 1216 824 reptem.

137 835 187 890 eet.
200 835 266 888 eolo.

196 914 241 974 Ad
256 911 305 974 Ττ.
319 909 442 990 munt)
464 912 499 973 C.
513 930 640 972 comm.
678 909 769 972 Ruere
783 929 867 991 caepe
880 912 1015 992 dicuntur,
1031 914 1080 994 qni
1091 915 1218 976 certatim

113 1005 142 1060 ct
156 1017 260 1074 magno
270 1017 384 1058 numero
400 1001 551 1060 confluant.
567 1015 594 1056 v.
612 997 637 1056 F
638 999 759 1058 orcellin.
779 999 846 1056 hex.

195 1081 466 1159 DOECLXXXVI)
489 1083 532 1146 Μ.
548 1082 585 1143 D.
604 1081 853 1144 et0.1›cccvl.

196 1188 280 1249 uapuc
292 1169 329 1228 od
346 1167 468 1246 oppidum
475 1167 626 1249 proditum)
647 1168 689 1228 Μ.
708 1167 746 1231 D.
768 1173 798 1228 et
820 1167 859 1226 Ο.
878 1165 916 1227 od
933 1166 1024 1244 oppidi
1031 1167 1217 1246 proditionem,

112 1274 168 1317 nm.
186 1273 277 1332 neque.
326 1253 469 1331 Intellige:
494 1253 550 1314 Hic
568 1261 614 1314 eat
632 1272 763 1313 nnmerna
787 1253 903 1312 militnm
924 1253 1092 1311 Graecorum
1115 1251 1216 1314 Troia-

112 1358 277 1416 nornmqoe,
297 1357 368 1416 quoe
389 1341 508 1416 quicqua
527 1339 564 1398 ab
578 1339 656 1398 initio
675 1339 742 1398 inde
759 1337 823 1402 betti
835 1337 972 1417 nequead
985 1337 1069 1398 linem
1084 1339 1215 1420 deinceps

113 1427 214 1486 accitos
227 1427 255 1484 in
268 1425 387 1484 exercitu
401 1425 565 1484 habuerunt.

197 1507 339 1571 DCLXX
345 1506 392 1582 VI)
413 1508 457 1568 M.
470 1508 508 1568 D.
522 1513 552 1568 et
562 1508 599 1567 Ο.
620 1505 823 1568 chxxvtn.

196 1613 302 1655 enumero
323 1589 431 1676 XXII)
453 1595 487 1653 ol.
504 1595 679 1658 incensae.
696 1591 848 1655 licutino.
864 1590 906 1656 85
918 1587 967 1648 iol.
982 1589 1053 1656 151.

198 1684 253 1738 trin
265 1679 352 1739 millio
362 1683 388 1737 et
403 1678 607 1759 quadringente)
628 1677 668 1737 Μ.
681 1676 716 1737 D.
733 1682 762 1738 et
774 1677 812 1736 Ο.
827 1683 853 1736 et
863 1676 981 1736 trecenti.

196 1765 320 1838 Daretis)
342 1765 392 1840 Sg.
410 1770 440 1824 et
454 1764 487 1822 C.
504 1763 627 1822 addunt:
644 1766 792 1842 perscripto
799 1763 869 1842 fuit.

200 1850 350 1908 Subiieitnr
364 1851 393 1908 in
414 1849 450 1907 C.
472 1850 573 1908 donem
596 1847 781 1908 Troianorum
803 1849 1028 1922 Graecorumque
1046 1843 1084 1902 ad
1103 1840 1219 1905 Troiam

114 1935 268 1995 occisorum
282 1953 391 2006 censue,
413 1951 471 1993 non
486 1952 503 1992 a
521 1933 636 2005 Dareta,
657 1933 708 1993 aed
727 1934 763 1992 ab
778 1932 888 1992 homine
904 1931 1057 2010 posteriore
1071 1929 1220 2005 institutua,

114 2021 173 2080 hic:
202 2019 285 2094 „Qui
308 2017 491 2078 Troianorum
521 2017 689 2077 Graecorum
709 2019 849 2098 principes
881 2015 1022 2090 occidere,
1043 2014 1221 2074 denotantur.

114 2105 223 2166 Hector
248 2103 444 2176 Protesilaum,
468 2102 639 2178 Patroclum,
660 2103 838 2177 Marionem,
865 2101 998 2173 Boitem,
1018 2099 1220 2174 Archilochum,

115 2189 307 2264 Protenorcm,
330 2189 532 2268 Deipcnorem,
552 2187 690 2263 Dorium,
710 2188 881 2260 Poliaenum,
904 2186 1081 2264 Phidippum,
1100 2185 1222 2264 Xantip-

116 2295 195 2354 pnm,
215 2271 380 2346 Leontcnm,
402 2273 593 2342 Polihaetnm,
615 2273 843 2350 Carpedontem,
864 2270 1056 2349 Lepodemon,
1077 2267 1220 2342 Lusorem,

116 2357 313 2439 Epistrophnm
331 2365 360 2418 et
380 2357 547 2429 schedium,
570 2355 769 2430 Maimeutum,
796 2355 983 2416 Palamedem.
1024 2352 1134 2413 Aeneae
1153 2352 1221 2412 Am·

116 2443 302 2524 phimaohnm,
322 2441 445 2504 Nireum.
487 2441 647 2501 Alexander
665 2440 861 2513 Palamedem,
884 2437 1074 2512 Antilochum,
1098 2435 1222 2502 Aiacem.

118 2528 191 2588 Aiax
209 2527 236 2586 Τ
237 2527 404 2588 helamonina
426 2535 456 2589 et
474 2525 632 2586 Alexander
652 2527 755 2586 mntnir
774 2525 931 2585 vulnerihua
947 2542 978 2584 aa
996 2523 1132 2582 occidere.
1164 2521 1221 2591 Qui

118 2615 200 2674 etiam
213 2613 381 2672 Graecorum
396 2613 582 2673 Troianorum
599 2611 683 2671 dnoea
702 2611 838 2685 occidere,
859 2609 943 2669 litorio
964 2607 1061 2666 anhter
1079 2614 1220 2666 notantur.

117 2698 236 2760 Achilleo
252 2698 435 2776 Euphemiam,
457 2699 626 2778 Hippotnm,
646 2697 795 2770 Plebenm,
819 2695 970 2766 Asterimn,
990 2691 1143 2768 Liconium,
1160 2691 1220 2751 Eu·-

116 2785 253 2856 iorhinm,
274 2782 437 2858 Hectorem,
458 2783 647 2846 Memnonem.
696 2779 896 2860 Neoptolemus
917 2776 1116 2852 Penlcaileam,
1139 2777 1221 2837 Pria·

117 2888 203 2940 mom,
223 2869 261 2928 ad
276 2868 410 2928 tumulum
425 2870 512 2948 patric
524 2867 681 2926 Polixenam
693 2865 834 2943 iugrdarlt.
874 2863 1026 2928 Diomeden
1039 2863 1221 2944 xantippum,

118 2953 287 3029 nantem,
305 2952 513 3034 Ephtrophum,
530 2951 765 3015 Orcnmenenm.“
