2698 4688
255 367 364 418 Xsslv
674 361 922 415 tlttttonttcrw.

255 555 357 631 etms,
382 551 574 616 Fomellinus
596 551 667 615 Lex.
687 562 718 612 et
738 549 810 616 aliie
844 564 936 636 atque
955 571 1027 614 eum
1046 548 1190 612 Lucretio
1212 551 1257 612 sic

255 681 382 751 quoqne
411 662 553 742 antiquos
580 659 742 741 scriptores
765 659 885 725 locutos
905 681 971 724 csse
995 663 1060 722 veri
1081 669 1126 721 est
1144 655 1276 720 simillim

201 765 203 774 ¹
254 773 338 838 uude
365 770 508 853 frequens
536 766 627 828 heim
654 769 741 830 vocis
774 789 847 832 usus
886 767 968 851 apud
1000 766 1232 830 iurisconsultus
1261 787 1276 828 s

258 874 395 948 secundi.
439 873 585 936 Scaevola
605 875 677 958 Dig.
699 875 754 956 45.
780 897 806 944 ι.
830 895 901 944 aaa.
930 876 1028 963 idque
1054 873 1199 937 uredinem
1228 899 1276 936 ess

253 1011 354 1056 carnes
375 985 497 1066 mot'gii
518 983 593 1051 dees.
615 995 645 1046 et
665 985 757 1067 paulo
778 998 867 1069 post:
898 985 1037 1046 redderet
1058 986 1231 1046 universam
1256 1005 1276 1046 o

254 1119 313 1163 nuo
334 1093 515 1181 penuriam
547 1095 636 1179 quasi
649 1095 783 1178 perfeeto
802 1096 938 1174 navigio.
959 1092 1114 1176 Ulpianus
1132 1093 1203 1176 Dig.
1226 1091 1276 1172 dd.

258 1226 285 1268 r.
306 1201 364 1268 Ait
376 1213 526 1287 praetor,
557 1202 673 1287 iterque
698 1203 823 1283 nauigio
849 1201 977 1262 detem'us
986 1201 1074 1287 fiat.-
1101 1201 1159 1264 doc
1177 1220 1238 1285 pm
1260 1219 1276 1260 u

254 1312 373 1396 gumane
390 1309 524 1394 positam
542 1319 597 1370 est.
649 1307 729 1370 Hinc
756 1308 795 1370 ad
816 1319 936 1392 postera
956 1307 1058 1371 secula
1081 1307 1132 1370 hic
1151 1327 1226 1370 usus
1248 1317 1276 1368 tr

254 1421 310 1499 iit,
342 1427 378 1479 ut
412 1415 452 1477 sd
483 1415 645 1493 Servium,
679 1417 830 1479 Rutilium
853 1417 1112 1495 Numantianum,
1140 1415 1235 1490 alios,
1275 1451 1276 1462 κ

254 1525 400 1614 pmdusit
419 1523 606 1587 Gronovius.
618 1585 621 1590 ,
649 1523 776 1586 lnfimae
791 1525 948 1588 latinitatis
961 1515 1158 1608 scriptoribus
1170 1523 1276 1607 Septiu

254 1635 438 1700 adnumerat
457 1631 581 1694 Curtius
605 1631 645 1695 sd
663 1631 786 1695 Sallust.
815 1633 882 1718 lug.
905 1653 956 1718 7²·
980 1655 1010 1718 7.
1039 1632 1094 1694 nbi
1116 1634 1192 1696 haec
1220 1633 1276 1694 scri

256 1741 447 1827 „Sallustius
477 1740 651 1824 saepissime
683 1761 720 1800 ea
747 1751 917 1826 tempestate
938 1749 969 1802 ct
990 1738 1099 1802 similia
1125 1738 1217 1818 dixit,
1238 1748 1275 1797 ut

256 1861 338 1915 taret
356 1864 488 1936 tempus.-
509 1859 602 1933 atque
620 1848 663 1908 ita
679 1849 806 1929 Livius,
836 1847 980 1928 Tacitus,
1008 1848 1132 1908 Curtius
1162 1865 1257 1929 aeque

169 1997 173 2005 .
255 1969 407 2044 quenter3
437 1955 612 2039 mansitque
638 1977 674 2018 ea
693 1956 818 2018 notione
842 1955 924 2039 apud
946 1956 1106 2018 historicos
1125 1953 1276 2038 usquead

255 2067 359 2130 fimam
378 2063 585 2144 latim'tatem,
607 2063 693 2147 quod
714 2065 831 2148 Dictys,
856 2065 1063 2149 Hegesippus,
1088 2063 1239 2148 Sulpicius
1256 2063 1276 2122 S

260 2197 313 2238 rus
340 2175 438 2256 iisque
469 2173 603 2235 iuniores
631 2173 834 2240 ostendunt.“
883 2175 930 2236 Ex
952 2173 1117 2236 admodum
1138 2171 1276 2258 gravibus

256 2281 346 2347 cendi
372 2279 534 2354 formulis,
568 2301 647 2366 quae
674 2281 754 2342 inlra
777 2286 1130 2364 ponam,couicctu1um
1149 2283 1217 2366 quis
1240 2301 1273 2340 ca

257 2393 365 2476 possit,
387 2387 569 2472 Septimium
591 2391 743 2472 pastinare
763 2387 802 2450 ad
824 2401 952 2452 aetatem
979 2391 1103 2475 Sulpicii
1128 2401 1158 2452 et
1179 2391 1274 2472 tteges

257 2499 376 2560 Verum
396 2505 526 2578 uterque
541 2496 683 2578 scriptor,
709 2515 804 2579 aeque
819 2517 856 2556 ao
875 2497 1049 2581 Septimius,
1071 2495 1183 2560 aemuli
1199 2509 1269 2558 sunt

257 2608 341 2671 lustii
363 2601 558 2685 aliorumque
578 2604 761 2687 scriptorum
780 2607 997 2690 antiquorum,
1021 2617 1128 2688 atque,
1149 2625 1228 2688 quae
1246 2623 1275 2662 nt

257 2737 330 2778 cum
347 2711 407 2778 illis
430 2711 502 2773 solis
524 2711 699 2773 communis
721 2713 796 2788 scio,
819 2694 924 2777 colum
950 2713 1068 2776 indoles
1089 2717 1171 2798 cogit
1191 2713 1230 2774 ad
1251 2733 1275 2772 st

257 2823 399 2901 cionem,
430 2821 563 2882 eundem
594 2821 737 2884 omnibus
765 2827 925 2908 antiquum
948 2823 1061 2884 sontem
1088 2842 1234 2884 manasse.

259 2929 343 2990 thius
364 2926 468 2996 Adur.
492 2925 590 2992 LVll.
614 2947 663 2991 oo.
690 2931 764 2992 viris
790 2929 887 2992 doctis
907 2929 1040 3004 accedit,
1075 2932 1127 3012 qui
1149 2951 1225 2992 aevo
1245 2929 1275 2988 T

260 3035 387 3095 dosiano
419 3033 615 3114 Septimium
630 3039 782 3118 scripsisse
805 3041 987 3099 coniectent.
1030 3037 1155 3098 Vossius
1176 3037 1254 3098 llist.

260 3139 316 3203 lv.
337 3160 367 3201 a.
393 3136 502 3200 seculis
523 3139 640 3221 aliquot
660 3153 727 3224 post
750 3143 985 3207 Constantinum
1008 3149 1155 3230 Magnum
1171 3147 1274 3208 vixisse

261 3258 326 3311 tat:
348 3249 400 3310 cui
423 3247 560 3330 opinioni
584 3251 700 3311 accedit
720 3250 772 3318 Ol.
792 3253 967 3317 Borrichius
986 3255 1025 3317 de
1040 3259 1116 3318 Ver.
1133 3255 1170 3316 L.
1187 3255 1222 3315 L.
1243 3253 1274 3313 Ar

265 3377 297 3440 p.
324 3375 370 3422 ra.
411 3353 558 3415 Eiusdem
580 3354 702 3437 Vossii,
732 3356 772 3419 de
791 3357 869 3420 ldol.
894 3361 951 3428 lV.
973 3365 1022 3429 50.
1044 3363 1186 3438 dicentis,
1215 3363 1247 3423 S.

263 3465 367 3528 brasio
387 3460 545 3546 aequalem
568 3461 619 3524 vel
639 3485 800 3548 supparem
821 3489 888 3532 esse
918 3471 1035 3556 Dictyis
1055 3471 1265 3552 interpretem,

263 3571 394 3637 similem
415 3581 506 3632 voest
528 3572 734 3635 coniecturam
756 3574 916 3638 Fabricius
940 3578 1017 3646 Bibl.
1042 3579 1110 3640 Lat.
1133 3579 1169 3645 T.
1186 3581 1228 3641 ll.
1253 3601 1273 3663 p

346 3677 482 3742 Alterius
497 3679 636 3744 motionis
658 3695 730 3746 sunt
745 3689 908 3764 lilercerus,
929 3687 1104 3749 Obrechtus
1120 3698 1152 3749 et
1166 3688 1271 3750 Periso

263 3789 421 3852 Mercerus
449 3785 633 3869 Septimium
662 3801 733 3873 post
762 3793 998 3854 Constantinum
1027 3793 1175 3876 Magnum
1201 3797 1273 3875 scrip

262 3907 361 3982 putat,
388 3915 424 3957 ex
444 3875 597 3981 Prolofio,
621 3902 674 3981 qui
695 3901 810 3986 Dictys
832 3905 864 3966 iu
885 3902 1047 3987 sepulchra
1068 3913 1219 3986 repartum
1240 3901 1273 3960 tn

264 4007 363 4087 Ruso,
387 4005 492 4068 &etue
516 4019 584 4067 tunc
610 4011 752 4092 mmporcs
774 4009 951 4088 Comnluri,
983 4011 1122 4074 oblatum
1139 4009 1249 4072 referte
1272 4037 1273 4052 t

262 4113 377 4175 sulam
396 4125 517 4191 sutem,
539 4115 680 4196 quemvis
699 4093 846 4200 quosdam
866 4119 906 4180 sb
928 4119 1104 4198 Hadriano,
1126 4117 1273 4201 pterorqu

252 4231 337 4283 ‘men
360 4241 379 4284 a
400 4217 600 4284 Gonsmntino
622 4223 668 4284 Μ.
692 4243 757 4285 esse
775 4225 949 4301 institutos,
983 4226 1036 4308 qui
1064 4227 1096 4288 in
1118 4223 1273 4286 Occidente
