2860 4688
467 395 558 446 nenti
588 397 734 450 morans
758 401 825 450 mn.
853 401 902 448 rr.
1166 383 1236 457 165

138 615 239 696 quos
271 589 316 666 in
349 583 520 666 medium
553 587 759 696 productos
789 589 955 667 Achilles
980 591 1150 696 iugulari
1178 593 1238 672 i'u-

141 709 226 782 bet:
251 704 475 808 indignatus
501 705 676 782 nondum
701 709 774 784 sibi
799 735 821 782 a
847 709 1000 784 Priamo
1025 736 1141 816 super
1167 711 1237 798 his,

141 849 244 928 quae
274 847 402 899 secum
432 841 677 915 tractaverat,
719 820 957 900 mandatum.
1018 827 1128 924 Quae
1163 830 1233 905 ubi

142 939 448 1016 animadvertam
469 941 651 1030 Troiani,
684 941 829 1016 tollunt
862 941 1045 1044 gemitus,
1080 962 1119 1020 et
1158 946 1234 1020 cla-

142 1081 252 1133 more
286 1057 444 1159 lugubri
478 1057 603 1132 Troili
638 1081 767 1134 casum
795 1055 1056 1134 miserandum
1083 1059 1127 1137 in
1154 1087 1236 1137 mo·

142 1173 241 1250 dnm
272 1174 438 1266 deflent,
475 1173 665 1250 recordati
709 1189 871 1252 aetatem
906 1175 988 1252 eius
1024 1175 1237 1254 admodum

142 1291 414 1369 immaturum:
447 1292 518 1396 qni
553 1292 596 1368 in
620 1290 758 1397 primia
782 1291 974 1397 pueritiae
1003 1295 1116 1370 annis
1147 1319 1238 1372 cum

143 1409 379 1486 verecundia
413 1436 458 1485 ac
501 1409 713 1515 probitate,
755 1427 840 1486 tum
871 1410 1080 1517 praecipue
1111 1409 1236 1490 forma

151 1527 324 1630 corporis
348 1523 524 1602 amabilis
546 1542 664 1632 atque
683 1543 861 1635 acceptus
878 1526 1133 1635 popularibus
1148 1527 1240 1608 ado·

147 1642 321 1720 lesoebst
525 1641 529 1652 ’
1213 1733 1238 1745 1,

245 1760 295 1834 Χ.
344 1758 450 1836 Dein
487 1757 689 1865 transactis
730 1757 864 1865 paucis
901 1756 1040 1839 diebus
1073 1761 1241 1839 solemne

145 1873 382 1979 Thymbraei
407 1873 598 1981 Apollinis
624 1874 793 1964 incessit,
826 1892 865 1952 et
894 1877 1045 1982 requies
1066 1877 1239 1956 bellandi

144 2015 218 2098 per
240 1987 416 2067 inducias
447 1989 682 2095 interposita.
731 1991 832 2066 Tum
867 2009 1038 2096 utroque
1067 1993 1240 2069 exercitu

144 2108 332 2186 sacrificio
348 2108 555 2198 insistente,
579 2106 763 2198 Priamus,
790 2124 941 2215 tempus
958 2127 1105 2199 nactus,
1132 2107 1241 2186 ldae·

146 2249 217 2302 um
248 2223 300 2302 nd
331 2225 521 2302 Achillem
557 2249 672 2328 super
702 2224 894 2330 Polyxena
928 2253 1018 2304 cum
1047 2225 1241 2303 mandatis

145 2341 279 2418 mittit.
329 2338 402 2418 Sed
427 2340 497 2414 ubi
522 2338 690 2415 Achilles
715 2340 757 2415 in
783 2339 872 2417 luco
897 2365 959 2426 ea,
991 2367 1093 2444 quae
1117 2341 1240 2418 inlata

116 2485 122 2502 ·
147 2473 276 2549 erant,
310 2483 401 2533 cum
426 2453 539 2531 Idaeo
564 2455 769 2560 separatim
794 2455 844 2532 ab
875 2457 961 2533 aliis
986 2457 1241 2561 recognoscit,

147 2571 299 2675 cognita
331 2598 373 2648 re
398 2569 504 2677 apud
530 2597 659 2660 naves,
681 2569 848 2675 suspicio
873 2572 1032 2648 alienati
1057 2572 1177 2662 ducis,
1201 2589 1242 2649 et

148 2685 202 2763 ad
227 2703 462 2792 postremum
490 2684 707 2789 indignatio
731 2703 873 2762 exorta.
924 2687 1100 2792 Namque
1124 2702 1239 2765 antea

147 2825 347 2880 rumorem
371 2801 620 2910 proditionis,
654 2817 786 2878 ortum
810 2801 1019 2880 clementer
1043 2827 1114 2908 per
1136 2827 1241 2878 exen-

147 2917 291 3010 citum,
317 2919 361 2996 in
387 2945 521 2996 rerum
548 2933 756 2996 traxerant.
808 2917 870 2994 Ob
896 2941 1013 3020 quae,
1038 2917 1153 2994 simul
1180 2919 1241 2994 uti

144 3035 360 3113 concitatus
395 3035 531 3112 militis
567 3031 721 3112 animus
763 3033 971 3124 leniretur,
1012 3035 1109 3112 Aiax
1149 3061 1239 3113 cum

142 3152 334 3232 Diomede
359 3171 398 3232 et
421 3153 534 3228 Ulixe
557 3150 608 3228 ad
633 3151 766 3226 lucum
788 3169 976 3256 pergunt:
1003 3149 1124 3256 bique
1148 3171 1240 3230 ante

146 3269 341 3376 templum
373 3268 579 3360 resistunt,
616 3266 880 3371 opperientes,
917 3265 1238 3372 degrederetur,

212 3619 244 3678 X·
280 3623 392 3697 nectus)
427 3622 455 3678 S.
473 3621 547 3680 Gell.
566 3637 621 3676 sce.
638 3619 684 3675 lll.
703 3633 827 3678 nunnus.
853 3623 935 3678 litere
961 3639 981 3677 n
1006 3628 1109 3692 puncto
1135 3627 1238 3688 notate,

132 3693 221 3764 signo
241 3692 362 3746 detenet.

209 3781 283 3835 qm
303 3765 395 3818 intare
414 3775 515 3829 erent,
532 3781 594 3818 eum
610 3760 651 3817 ld.
670 3765 747 3836 sep.)
782 3761 824 3813 lte
844 3761 1064 3830 interpungende
1090 3770 1132 3814 est
1150 3759 1234 3812 lectio

129 3833 161 3890 8.
185 3831 258 3886 Gall
277 3851 330 3888 see.
350 3836 406 3904 lx,¹
436 3837 465 3888 in
491 3851 572 3907 quarn
595 3835 757 3904 conspirant
781 3831 808 3882 S.
826 3831 902 3888 (tall.
923 3848 1009 3902 opp,
1042 3833 1120 3889 born.
1139 3829 1234 3882 ctlid.

127 3907 240 3967 Uere,
267 3905 322 3958 nlsi
346 3906 423 3976 quod
447 3904 570 3958 lrabeaut
592 3907 684 3960 illata·
723 3902 770 3956 Ed.
789 3903 869 3954 Prius
895 3907 924 3952 et
941 3901 1007 3954 Obr.
1026 3919 1098 3974 quoe
1122 3902 1235 3970 perlate

11 4019 12 4024 η
127 3985 223 4032 erant
238 3989 297 4028 tuns
316 3975 353 4028 as
377 3975 480 4040 Idaeo,
505 3994 561 4046 rep·
597 3978 669 4030 Crat
692 3992 764 4048 quae
786 3974 870 4025 illoto
889 3983 990 4036 oront,
1007 3985 1063 4030 tum
1083 3972 1118 4024 ab
1137 3967 1233 4026 ldoso.

127 4048 178 4102 De
200 4045 285 4098 verbo
309 4044 416 4118 deferre
434 4049 593 4099 consulatur
610 4045 738 4106 ondens.
757 4043 796 4097 ed
814 4043 893 4096 Caes.
912 4041 942 4098 B.
960 4043 993 4098 G.
1014 4043 1034 4094 l.
1055 4045 1096 4112 39.
1134 4039 1235 4094 Noster

127 4119 187 4172 lib.
210 4116 274 4170 1-6.
293 4119 356 4170 elin
375 4115 532 4172 haimeradi
548 4115 672 4184 luterens

209 4189 368 4244 concitatus
386 4183 455 4260 mil.)
491 4189 518 4242 S.
534 4188 607 4245 Gall.
629 4203 680 4241 rec.
700 4185 743 4240 tx.
764 4183 921 4238 coriciensis.
957 4183 1000 4236 An
1020 4179 1233 4236 concitationi-

128 4255 265 4314 Uiben?
