2808 4686
239 427 315 501 ³82
468 485 483 518 ,
563 445 835 499 oasnarsuonns
861 447 898 498 tu
923 450 988 500 arn.
1015 452 1040 499 t.

238 635 317 698 Cum
339 634 492 698 Eustatbii
514 635 581 699 loeo
602 657 746 720 compara
767 637 912 722 Apollod.
935 639 960 700 l.
982 659 1015 724 9.
1036 659 1068 722 9.
1091 639 1144 722 qui
1166 638 1333 702 Nestorem

238 734 358 797 duxisse
379 745 488 797 namet
505 725 687 814 ’stannum
707 731 766 820 τήν
800 737 977 822 Κρατιέως.
1030 739 1118 801 Hane
1144 740 1334 802 Anaxibiam

239 835 368 896 eandem
392 856 455 898 esse
483 846 574 918 atque
605 837 748 922 Dictyis,
769 859 883 922 negare
903 862 965 901 non
986 837 1100 923 debuit·
1113 839 1205 900 Anna
1230 841 1332 900 Doce

239 935 303 1012 rio,
327 957 398 997 cum
418 935 500 1020 apud
520 947 686 1020 utrumque
706 937 888 1020 scriptorem
913 939 1006 1000 iidem
1024 939 1160 1000 Nestoris
1180 961 1216 1000 ex
1243 941 1331 1000 Ana-

238 1036 321 1099 xibia
344 1034 419 1115 filii,
446 1034 632 1098 Antilochus
652 1048 683 1100 et
704 1037 940 1123 Thrasymedes,
961 1049 1259 1102 commemorentur.
1281 1041 1330 1100 Cf.

237 1137 322 1200 Diet.
353 1157 381 1203 e.
411 1136 460 1197 13.
488 1137 594 1214 Quare
622 1136 802 1220 Apollodori
838 1139 905 1201 loeo
933 1137 1095 1224 legendum
1126 1159 1238 1200 censeo
1274 1134 1331 1220 nair

237 1230 371 1318 Ἀτρέως
406 1237 478 1316 (nou
504 1231 675 1318 Κατρέως,
706 1248 742 1300 ut
764 1235 892 1326 corrigit
911 1237 1026 1300 Fucbs.
1049 1261 1080 1322 p.
1103 1241 1188 1316 ab),
1210 1251 1244 1300 et
1263 1249 1329 1299 sta·

235 1335 408 1412 tuendum,
439 1333 665 1418 Apollodorum
686 1337 870 1399 Anaxibium
903 1339 1075 1400 nominasse
1096 1340 1185 1399 Atrei
1209 1339 1327 1414 liliam,

236 1435 309 1498 lieet
333 1436 424 1497 luerit
438 1433 604 1498 Plisthenis
623 1457 658 1498 ex
672 1437 845 1522 Eriphyle;
867 1441 985 1522 pariter
1007 1449 1096 1522 atque
1113 1439 1327 1521 Agamemnon

236 1547 267 1598 et
288 1535 446 1598 Menelaus
468 1533 523 1598 lilii
545 1536 750 1618 perhibentur
772 1539 882 1618 Atrei,
907 1559 976 1600 eum
997 1541 1060 1600 sint
1081 1533 1262 1600 Plisthenis.
1286 1575 1326 1590 -·

236 1636 284 1698 De
306 1633 487 1704 Anaxibiae
496 1637 613 1719 nuptiis
634 1635 673 1699 ab
695 1636 763 1698 aliis
783 1635 844 1698 alia
864 1638 1042 1706 traduntur.

320 1739 354 1796 lu‘
373 1757 435 1798 non
456 1735 621 1800 Plisthenis
640 1737 712 1814 eet.)
752 1735 990 1800 Simillimusest
1008 1737 1093 1800 locus
1111 1735 1265 1800 Eustatlnii
1287 1737 1323 1798 ad

238 1834 331 1897 llom.
354 1835 391 1898 ll.
410 1837 452 1900 11.
474 1832 545 1918 249.
566 1821 650 1895 orirer
673 1835 734 1913 μὲν
754 1823 836 1918 ἦσαν
854 1832 935 1899 κατὰ
957 1831 993 1900 τὰ
1015 1835 1152 1918 nunides
1170 1832 1323 1918 Ἀερόπης

235 1929 291 1998 καί
310 1932 448 2016 Ἀτρέως
466 1932 577 2006 παῖδες
608 1931 855 2008 minitante,
885 1933 925 2019 τῇ
948 1934 984 1996 di
1009 1933 1142 2021 ἀληθείᾳ
1162 1935 1322 1998 Πλεισθέ-

234 2055 326 2113 νους,
346 2028 391 2108 aia
410 2053 507 2118 pontu
531 2021 622 2094 datu
640 2051 676 2092 re
696 2032 808 2094 notant
826 2033 882 2095 καί
909 2031 1100 2117 lloppu'peoc
1120 2035 1153 2096 ἐν
1171 2039 1235 2106 τοῖς
1256 2037 1321 2115 Ζη-

235 2128 383 2218 τὴμασιν.
422 2125 510 2198 Ἀλλ’
531 2124 639 2213 ἐπειδὴ
666 2129 867 2214 Πλεισθένης
890 2133 959 2207 νέος
980 2135 1129 2217 τελευτᾷ,
1148 2131 1248 2214 μηδὲν
1264 2157 1320 2194 κα-

235 2228 526 2318 antiphenarium
550 2220 655 2308 ἄξιον,
680 2229 849 2294 visandan
871 2229 1108 2314 ἇνατραφὲνπες
1126 2227 1189 2294 tini
1214 2229 1319 2312 :tept-

236 2355 300 2414 ως,
322 2327 421 2397 αὐτοῦ
453 2331 564 2403 παῖδες
592 2327 766 2412 ἐκλέθησαν
835 2331 1014 2394 Promisere
1045 2331 1171 2394 Malelas
1190 2353 1224 2414 p.
1248 2333 1316 2396 135.

235 2435 408 2498 Menelaum
426 2442 461 2495 et
480 2432 741 2516 Agamemnonem
764 2431 854 2492 modo
877 2433 966 2494 Atrei
989 2429 1081 2494 modo
1099 2431 1263 2494 Plisthenis
1281 2432 1318 2494 t-

166 2559 175 2572 ·
233 2535 291 2600 lios
312 2546 411 2600 vorat.
452 2533 589 2614 Utrique
607 2531 701 2594 fratri
722 2533 929 2615 exprobratur
949 2529 1123 2615 ignobilitas
1140 2529 1197 2594 lib.
1213 2531 1253 2598 V.
1272 2531 1317 2596 16.

315 2637 359 2698 ll.
399 2633 454 2698 Ad
472 2653 523 2696 eos
553 2651 588 2694 re
616 2633 739 2713 cugtu'tu
768 2665 811 2680 -
841 2630 1002 2718 consistunt)
1051 2630 1133 2696 Vide
1164 2631 1316 2716 d'uputata

233 2737 368 2798 Praelat.
396 2757 426 2818 p.
450 2733 553 2800 XXX.

314 2835 518 2914 ementiare)
574 2833 619 2896 At
645 2831 840 2894 notissimum
875 2842 920 2894 est
957 2853 993 2896 es
1026 2829 1147 2908 fabula,
1199 2843 1315 2914 raptam

231 2949 322 3000 tauro
353 2944 482 2998 vectore
511 2933 668 3016 Europam
707 2953 807 3016 neque
836 2942 958 3015 petrem
987 2953 1088 3016 neque
1119 2931 1197 2995 filios
1231 2934 1314 2994 inve·

232 3038 377 3120 stipatum
404 3035 511 3096 missos
535 3033 678 3094 invenire
698 3034 851 3114 potuisse,
884 3053 993 3116 eosque
1022 3033 1065 3094 ne'
1094 3031 1221 3096 domum
1246 3030 1314 3116 qui·

229 3137 300 3204 dem
321 3153 458 3196 reversos
479 3151 562 3210 esse,
582 3131 637 3194 sed
660 3151 695 3192 ex
719 3131 883 3218 erroribup
907 3131 1002 3194 alium
1022 3133 1055 3194 in
1091 3131 1152 3195 alia
1169 3143 1249 3194 terra
1268 3155 1315 3194 se-

231 3237 302 3300 dem
323 3235 381 3296 sibi
401 3234 564 3317 paravisse.
608 3229 751 3314 Apollod.
775 3231 831 3300 lll.
849 3255 885 3310 t,·
907 3232 1057 3296 Hellanic.
1082 3233 1195 3317 fragm.
1213 3255 1246 3316 p.
1260 3233 1312 3296 66.

229 3357 275 3420 sq.
297 3337 399 3400 Stura
455 3329 502 3398 Gi.
524 3333 657 3398 Mamer.
677 3331 788 3394 Varias
807 3331 848 3396 de
872 3342 961 3416 rapta
979 3333 1105 3417 Europa
1126 3335 1314 3396 narrationes

229 3436 318 3520 pond
338 3423 384 3498 ad¹
398 3434 456 3496 lib.
479 3432 521 3494 ll.
544 3431 596 3494 26.

311 3530 740 3616 llbnliisque-comitibus)
764 3532 798 3594 ln
820 3531 867 3596 his
878 3531 1023 3610 Glaucus,
1045 3533 1214 3598 Antenoris
1236 3535 1313 3596 lilius

228 3635 298 3719 (ΙΙΙ.
320 3633 373 3698 26.
395 3633 437 3694 V.
463 3633 530 3712 ης
563 3633 694 3714 itemque
721 3631 900 3714 Deiphobus
929 3642 963 3695 et
990 3630 1192 3717 Polydamas,
1224 3633 1310 3696 duces

226 3735 330 3821 magni
361 3734 508 3796 exereitus
532 3733 640 3812 (Dares
668 3753 694 3797 e.
714 3751 756 3816 93
786 3731 844 3799 los.
865 3733 965 3798 lscan.
992 3732 1050 3795 lll.
1077 3731 1156 3812 ¹853
1188 3735 1309 3799 nenne.

227 3837 390 3918 Brunsvig.
409 3855 437 3902 e.
460 3831 513 3899 28.
545 3831 599 3894 fol.
620 3830 702 3910 db),
733 3841 765 3891 et
784 3830 895 3916 viginti
916 3831 1050 3896 duarum
1071 3833 1198 3896 navium
1219 3835 1308 3910 (llan-

225 3941 282 4000 rie.
305 3935 329 4003 L
350 3935 394 4012 1.).
445 3932 539 4016 Apud
571 3927 675 3992 Malel.
706 3951 738 4013 p.
766 3929 834 3992 116.
870 3922 1015 3992 Paridem
1035 3933 1220 3996 eomitantur
1241 3955 1308 3993 een·

225 4045 293 4102 tan
314 4027 491 4110 retiatores,
515 4029 599 4114 apud
620 4029 772 4092 Herodot.
786 4028 829 4091 ll.
857 4031 924 4092 ¹13.
948 4027 1038 4092 multi
1057 4032 1150 4094 serti.
1171 4031 1308 4096 Paridem

223 4134 337 4200 multos
356 4135 495 4196 homiues
521 4139 655 4192 armatos
676 4147 780 4190 seeum
802 4125 955 4209 babuisse,
978 4126 1076 4212 liquet
1097 4131 1146 4194 vel
1171 4151 1207 4194 ex
1226 4151 1310 4216 proe-

224 4233 267 4298 lio
288 4255 324 4296 ra
347 4275 356 4292 ·
379 4233 412 4296 5.

222 4334 228 4362 “
305 4253 461 4416 sitirentque
487 4343 517 4393 et
545 4329 654 4394 multas
674 4329 758 4414 oper)
813 4325 963 4396 Herodot.
993 4327 1035 4390 ll.
1064 4326 1133 4410 tri.
1156 4325 1257 4412 αὐτὴν
1276 4325 1308 4390 δὲ
