2726 4686
421 353 519 404 nnuu
542 351 687 404 morsm
713 353 778 402 nra.
807 352 846 402 ιι.
1133 335 1182 406 st

82 545 278 654 ferendos
300 545 447 645 legatos
459 511 687 648 poteremur,
711 560 758 630 et,
784 543 928 620 Heleno
952 565 1035 620 cum
1058 549 1186 648 gratio

87 669 255 748 misisse,
285 665 408 737 maius
431 678 543 766 atque
566 663 688 736 artius
713 663 900 734 amicitiae
919 664 1061 760 pignus
1085 666 1184 738 inter

88 781 165 860 duo
191 805 313 880 regno
336 778 567 854 coalesceret.
633 777 744 874 Quae
769 777 839 852 ubi
864 778 1013 881 accepit
1032 781 1185 870 Hector,

86 894 357 974 recordatione
377 891 540 970 fraterni
559 891 742 968 facinoris
766 892 914 968 tristior
937 892 1186 994 aliquantum

86 1009 316 1112 suffusisque
340 1035 430 1084 cum
455 1032 629 1086 moerore
653 1007 829 1098 lacrimis,
851 1007 1038 1084 Helenam
1059 1026 1187 1087 tamen

88 1123 333 1234 prodendam
365 1125 528 1201 minime
563 1123 746 1215 rebatur,
784 1123 932 1228 quippe
970 1124 1187 1231 supplicem

86 1241 236 1332 domur,
263 1259 303 1317 et
321 1240 371 1316 ob
395 1237 437 1314 id
459 1238 535 1315 fide
552 1239 777 1344 interposita
795 1237 999 1316 tuendam:
1025 1241 1057 1316 si
1084 1266 1187 1346 quae
1214 1246 1217 1260 '

90 1378 224 1458 autem
256 1383 346 1432 eum
380 1381 423 1431 ea
457 1375 591 1463 erepta
622 1355 873 1448 docerentur,
907 1375 1046 1432 cuncta
1071 1358 1186 1434 resti-

90 1469 247 1548 tuenda.
305 1473 481 1576 Namque
514 1499 588 1577 pro
625 1471 774 1548 Helena
807 1468 1075 1564 Cassandram,
1108 1471 1187 1550 sive

88 1589 347 1694 Polyxenam,
373 1615 491 1692 quam
514 1588 647 1692 legatis
670 1585 876 1678 videretur,
901 1605 1072 1695 nuptum
1095 1616 1187 1671 cum

87 1703 294 1810 praeclaris
318 1701 430 1780 donis
453 1705 629 1780 Menelao
657 1701 894 1782 tradendam·

189 1821 333 1898 XXVI.
357 1817 418 1895 Ad
434 1847 478 1896 ea
494 1821 691 1897 Menelaus
708 1821 896 1912 iracunde
913 1837 1041 1898 atrox=
1066 1819 1187 1922 Egre-

91 1940 170 2038 gie,
203 1933 407 2024 Hercules,
428 1952 551 2010 actum
576 1935 684 2012 nobis
708 1951 784 2026 est,
799 1935 1004 2040 siquidem,
1025 1943 1185 2038 proprio

93 2050 295 2152 spoliatus,
332 2068 558 2128 commutare
600 2056 874 2128 matrimonium
909 2077 983 2153 pro
1022 2051 1185 2152 arbitrio

94 2265 158 2321 one.
176 2285 232 2339 qus
250 2277 323 2324 sorte
340 2271 424 2326 verbs
443 2288 531 2347 neque
549 2271 592 2324 uit
617 2268 677 2344 diff
693 2273 746 2344 leg.
763 2283 823 2344 pat.
839 2272 939 2326 omissa
954 2273 1067 2338 luerint,
1079 2275 1183 2329 nescio.

93 2339 233 2394 Praeterea
250 2342 326 2395 locus
344 2359 361 2396 s
381 2343 446 2395 viris
468 2343 557 2396 doctis
576 2343 649 2394 varie
667 2352 797 2396 tentatur.
835 2343 967 2397 Fidentes
994 2345 1186 2416 seponendum
1252 2345 1256 2360 ⁸

91 2407 201 2478 dufer-ri
217 2412 267 2466 lsos
284 2408 337 2484 leg'.
355 2425 414 2486 pst.
432 2413 476 2466 vel
496 2411 665 2484 differendos
682 2415 734 2483 leg.
753 2426 896 2485 putarent,
917 2416 1082 2484 pronunciet
1098 2419 1185 2486 Wop-

91 2477 165 2532 kens.
186 2497 215 2550 p,
229 2485 273 2536 32.
293 2495 457 2554 amaturque
474 2500 490 2534 ι
509 2484 644 2554 Septimio
662 2483 744 2536 huius
769 2481 918 2537 locutionis
945 2485 1030 2536 snults
1057 2487 1184 2556 exempla

91 2551 199 2672 promit.
233 2552 336 2606 Verum
362 2569 424 2608 eum
451 2557 632 2624 praecesserit
657 2567 839 2638 reputarent,
872 2561 930 2606 tum
949 2571 1014 2608 usus
1042 2557 1183 2624 reincipit

116 2629 152 2672 nt.
172 2621 269 2674 Passis.
306 2623 366 2678 loco
388 2625 536 2688 infinitivi,
554 2625 669 2678 liberius
687 2641 711 2676 rs
751 2623 844 2676 uidem
863 2621 909 2675 hic
926 2625 979 2676 loci
999 2625 1183 2690 introductus,

93 2687 166 2741 haud
184 2692 343 2764 infrequens
363 2697 468 2748 Latinis
486 2703 534 2748 est.
570 2695 651 2748 Porro
670 2643 836 2765 vindingius
855 2691 942 2746 deleri
967 2693 1047 2747 iubet
1064 2711 1183 2766 sequens

92 2772 126 2810 et.
143 2762 226 2832 Atqui
244 2767 402 2834 saepissime
421 2766 495 2836 apud
513 2775 635 2820 nostrum
652 2773 681 2820 et
699 2768 813 2819 omnino
831 2765 967 2816 Romanos
989 2764 1045 2820 sibi
1064 2781 1183 2835 respou-

93 2829 159 2883 deut
175 2849 312 2902 neque-et.
331 2853 356 2888 v.
376 2835 463 2890 Gloss.

157 2916 242 2976 esque
260 2907 362 2978 assim)
398 2907 438 2960 Im
456 2907 483 2961 S.
503 2907 574 2959 Gsll.
591 2922 644 2960 see.
663 2905 709 2960 IX.
735 2913 764 2962 et
780 2907 878 2974 Bern3
907 2920 964 2976 quo
991 2904 1069 2959 ducit
1095 2907 1182 2960 etism

92 2971 224 3112 ἱςῐὶιιέυη
241 2979 346 3059 arcius,
364 2993 436 3047 quse
455 2987 496 3032 est
515 2981 544 3032 iu
562 2975 588 3030 S.
607 2977 678 3030 Gali
697 2991 761 3049 opp.
777 2985 807 3030 et
825 2974 873 3029 Ed.
895 2975 983 3029 rane.
1009 2977 1044 3030 ei.
1060 2994 1118 3048 esp.
1136 2979 1180 3046 43.

118 3061 134 3092 fl
192 3059 305 3098 armus.

162 3113 236 3168 Cass.
257 3119 316 3170 sive
333 3117 443 3190 Polym.)
479 3119 568 3172 Recte.
594 3138 618 3172 v.
644 3116 771 3172 Oudend.
802 3115 838 3170 sd
868 3115 982 3170 Sueten.
1012 3117 1125 3188 Vespss.
1152 3117 1179 3173 6.

94 3185 166 3239 Cret.
194 3186 237 3237 vei
262 3187 359 3256 roife.
382 3197 411 3242 et
433 3207 496 3244 mox
523 3192 564 3246 vel
580 3205 652 3262 ques
669 3189 753 3260 legat.
771 3195 801 3241 et
817 3189 1061 3259 praeclarissimis.
1097 3189 1182 3244 Paulo

96 3271 171 3326 supra
191 3257 264 3308 Crat.
283 3259 406 3330 obrepta.

160 3325 256 3378 XXVI·
292 3329 429 3401 Egregie,
459 3331 607 3394 Hercules,
641 3343 732 3384 ectum
748 3328 830 3384 nolis
849 3329 902 3400 est)
937 3330 1072 3384 Hercules
1092 3336 1133 3381 est
1150 3329 1181 3382 in

96 3393 171 3448 libris
197 3397 267 3449 meis
293 3407 321 3450 st
338 3399 446 3452 dnobus
471 3401 662 3467 Oudendorpii
679 3403 714 3454 sd
732 3403 812 3471 Apul.
830 3401 897 3452 Met.
916 3401 962 3458 111.
982 3417 1009 3470 p.
1030 3406 1097 3466 ¹803
1122 3417 1180 3452 nou

98 3463 202 3522 terente
221 3467 269 3520 vet
287 3465 387 3526 tmte.
423 3471 514 3524 inira:
550 3473 599 3534 Et,
619 3473 768 3535 Hercules,
787 3471 913 3524 ulterius.
955 3469 1111 3522 Sexcenties
1141 3471 1181 3522 ite

98 3537 244 3606 Apuleius,
272 3537 389 3592 docente
419 3541 547 3600 Oudend.
569 3541 585 3592 l.
606 3540 624 3592 l.
654 3570 684 3584 -·
712 3541 866 3594 Borriclrius
885 3541 920 3592 de
945 3541 1006 3594 Vas.
1025 3539 1057 3592 L.
1078 3541 1108 3592 1..
1127 3541 1181 3592 Δο-

98 3613 142 3664 ιιι
161 3626 186 3676 p·
210 3625 249 3661 sa.
267 3609 347 3660 nolis
368 3612 502 3681 explicat:
521 3611 674 3671 nobiscum,
709 3613 823 3665 Daceria
852 3619 881 3663 et
905 3610 1055 3681 Wopkens.
1081 3627 1108 3680 p.
1136 3613 1180 3664 33.

97 3685 233 3814 risit
248 3678 418 3820 stitit..
436 3683 592 3808 {iiiiii
612 3681 875 3824 lii't.i.'.lllil
893 3682 976 3804 iiii.
988 3683 1181 3804 litati..

98 3817 177 3887 legat,
195 3819 307 3872 dubitat
326 3821 453 3881 Oudeud.
473 3824 489 3874 Ι.
510 3825 527 3876 l.
564 3823 661 3874 Refero
680 3825 758 3877 nobis
779 3823 1042 3876 aeneasannos
1062 3831 1183 3890 ponatur

97 3905 160 3959 pros
187 3891 218 3942 in
244 3907 313 3952 uos,
339 3901 513 3956 sentiemes
542 3895 624 3963 plene
643 3903 674 3946 ut
690 3913 771 3964 supra
792 3913 814 3946 e.
834 3911 875 3947 ns.
900 3893 1002 3966 quihus
1023 3921 1047 3932 -·
1074 3889 1148 3944 nilsit
1165 3908 1185 3944 a

97 3960 209 4012 l'riesso
227 3989 260 4000 -
279 3965 421 4016 remissum
441 3977 490 4025 est,
509 3967 527 4016 i.
546 3983 569 4017 e.
595 3967 624 4015 in
655 3981 745 4033 quos,
772 3973 866 4018 eontra
886 3980 962 4032 quos.
1001 3965 1087 4014 Dares
1105 3980 1128 4018 c.
1147 3978 1187 4012 rs.

87 4029 207 4082 ’risibus
224 4031 393 4096 electensem,
411 4036 430 4088 i.
449 4051 473 4088 c.
490 4054 551 4106 erge
570 4035 650 4090 cives.
670 4037 713 4090 Ci.
732 4052 815 4107 supra
833 4052 856 4088 c.
873 4037 900 4093 8.
917 4031 1001 4087 male'
1017 4045 1109 4088 atium
1136 4029 1189 4086 fid·

97 4118 209 4154 verens·
232 4103 386 4156 Graeciam.

96 4253 112 4294 v
138 4175 281 4294 Gumis
297 4175 379 4246 spol.)
415 4174 542 4248 vinding.
561 4176 622 4232 snit
638 4178 768 4249 propris,
786 4176 844 4229 scil.
864 4173 989 4243 coniuge.
1014 4173 1091 4228 Nihil
1113 4187 1190 4246 opus.

113 4277 120 4290 ·
177 4259 194 4296 ο

135 4359 271 4403 nesse.
975 4339 999 4399 6
