2724 4680
352 331 404 390 utt
419 327 574 390 mullo
592 329 735 388 notuit
751 328 936 388 mmm.
1154 323 1198 392 ΙΙ

535 511 632 582 Gar.
655 511 746 583 XLI.

189 648 359 738 Postquam
375 661 465 741 pacta
481 651 662 718 eonflnnata
676 662 765 733 aunt,
789 645 980 734 Polydamas
996 645 1031 712 in
1044 641 1196 736 oppidum
1248 712 1251 720 ,

83 749 185 820 redit:
207 758 287 818 lacta
300 756 472 820 renuntiat:
497 753 574 820 dicit
585 755 735 822 Antenori
750 764 782 820 et
793 755 916 820 Aeneae
929 752 1109 838 mterisque,
1124 751 1197 838 qui-
1239 733 1245 756 ’

83 860 216 924 buscum
240 871 343 922 actum
361 871 443 940 eret,
472 871 508 923 ut
528 878 604 925 suos
620 881 731 926 omnes
751 856 792 926 ad
813 857 945 926 Scaeam
958 867 1082 946 portem
1094 852 1197 919 addu-

82 975 173 1043 cant,
199 963 293 1028 noctu
309 961 440 1030 Scaeam
454 965 744 1052 portemaperiant‚
770 966 875 1028 lumen
897 957 1080 1039 ostendant,
1105 977 1198 1024 exer-

82 1067 182 1131 citum
194 1064 399 1132 introducant.
450 1069 587 1133 Antenor
600 1077 632 1132 et
644 1069 766 1134 Aeneas
779 1078 872 1131 noctu
881 1064 922 1130 ad
936 1076 1059 1154 portam
1070 1063 1197 1153 'praesto

82 1172 225 1251 meant,
250 1170 493 1261 Neoptolemum
505 1183 714 1260 susceperunt,
737 1171 886 1238 exercitui
897 1181 1022 1258 portam
1035 1185 1198 1232 reserave-

80 1285 179 1354 runt,
202 1275 308 1338 lumen
324 1274 542 1356 ostenderunt,
564 1278 656 1358 fugae
675 1274 867 1366 praesidinm
888 1273 994 1339 sibiet
1008 1271 1074 1336 suis
1091 1269 1198 1336 omni·

81 1377 145 1442 bus
175 1388 209 1441 ut
240 1389 325 1442 esset
349 1376 561 1468 providerunt.
617 1378 842 1466 Neoptolemus
866 1377 1072 1465 irruptionem
1103 1373 1195 1438 iacit:

83 1479 243 1546 Troianos
257 1479 375 1546 caedit:
399 1483 594 1571 persequitur
615 1481 784 1562 Priamum,
805 1502 900 1569 quem
916 1492 988 1544 ante
1006 1499 1093 1544 aram
1106 1475 1195 1544 Iovis

80 1584 256 1650 obtrumcat.
307 1587 436 1651 Hecuba
456 1584 532 1650 dum
554 1585 634 1668 iugit
654 1608 724 1650 cum
743 1585 921 1670 Polyxena,
950 1584 1074 1649 Aeneae
1089 1603 1198 1646 ocurr-

78 1687 143 1752 ritt
164 1687 360 1772 Polyxenam
382 1692 415 1754 ei
439 1688 554 1770 tradit,
587 1710 682 1777 quom
702 1690 822 1755 Aeneas
837 1685 878 1752 ad
890 1699 1013 1776 patrem
1027 1685 1196 1752 Anchisem

79 1791 258 1858 abscondit.
308 1791 525 1859 Andromacha
537 1804 569 1857 et
584 1791 760 1860 Gassmdra
774 1793 808 1856 in
817 1789 896 1855 aede
917 1791 1080 1856 Minervae
1096 1809 1131 1852 se
1146 1799 1197 1852 te-

78 1906 173 1977 guntt
222 1895 305 1962 Tota
336 1909 427 1963 noete
452 1898 559 1981 Argivi
582 1919 649 1962 non
678 1908 804 1963 cessant
825 1892 1006 1977 devastare,
1044 1889 1196 1984 praedam

76 2008 253 2088 asportare.
314 2067 320 2096 ἶ

533 2135 624 2202 Gn.
648 2133 755 2202 xm.

187 2269 358 2358 Postquam
378 2269 446 2338 dies
469 2271 589 2353 illinit,
621 2273 838 2356 Agamemnon
861 2291 972 2338 omnes
986 2269 1080 2337 duces
1094 2269 1130 2336 in
1143 2291 1196 2336 ar-
1249 2326 1254 2335 .

83 2393 156 2438 cem
172 2371 334 2440 Minervae
347 2389 517 2442 convocat:
544 2373 605 2442 diis
619 2379 733 2458 gratiss
748 2377 821 2460 agit,
847 2376 1018 2442 exercitum
1031 2373 1194 2454 collaudat,

82 2498 214 2543 omnem
228 2477 374 2566 praedam
395 2481 483 2544 iubet
498 2480 534 2544 in
545 2479 688 2546 medium
712 2481 833 2546 afferri:
860 2501 932 2545 eam
947 2501 983 2546 aa
994 2480 1111 2568 pariter
1123 2499 1196 2544 cum

83 2581 233 2645 omnibus
242 2583 443 2671 partiturum:
470 2584 624 2670 simulque
644 2585 816 2650 exercitum
834 2584 982 2663 consulit,
1008 2604 1050 2646 an
1063 2585 1194 2672 plorent,

80 2683 232 2750 Antenori
244 2697 276 2748 et
291 2685 412 2751 Aeneae
428 2707 499 2750 eum
516 2687 584 2768 itia,
606 2689 660 2774 qui
675 2711 737 2752 una
750 2689 883 2778 patriam
897 2683 1107 2776 prodiderant,
1126 2709 1195 2752 eer-

80 2789 168 2868 vari,
192 2787 274 2874 quod
287 2790 350 2854 illis
366 2793 446 2855 elam
461 2792 730 2856 confirmaverant.
779 2791 941 2856 Exercitus
963 2801 1048 2856 totus
1070 2793 1195 2856 concla-

80 2903 165 2972 mat,
190 2893 311 2981 placare
329 2895 400 2959 sibi.
450 2892 559 2982 ltaque
573 2895 753 2962 convocatis
769 2897 914 2962 omnibus
930 2895 1037 2958 omnia
1050 2914 1106 2959 aua
1118 2892 1194 2959 red-

80 2993 173 3058 didit.
222 2996 362 3061 Antenor
385 3009 475 3080 rogat
504 2999 787 3082 Agamemnonem,
820 3011 854 3063 ut
874 2999 936 3064 sibi
961 2996 1065 3063 dicere
1092 2999 1195 3066 liceat.

78 3101 299 3181 Agamemnon
319 3099 421 3166 dicere
436 3104 532 3166 iubet.
582 3103 739 3191 Principio
761 3103 900 3168 Antenor
912 3103 1027 3186 petias
1040 3101 1196 3186 Graiuge-

79 3201 132 3266 nis
145 3205 288 3268 omnibus
306 3207 384 3287 agit,
408 3206 563 3293 simulque
578 3216 818 3286 commemorat,
842 3208 999 3272 Helenum
1011 3220 1043 3274 et
1058 3205 1196 3273 Cessan-

80 3303 173 3369 dram
188 3327 310 3395 semper
324 3310 406 3396 patri
421 3311 537 3374 bellum
553 3308 755 3392 dissuasisee,
777 3312 890 3376 Achilli
905 3313 1081 3402 sepulcrum
1093 3311 1194 3376 liele-

79 3431 158 3474 num
174 3407 295 3490 dixisse
318 3409 444 3494 donari,
475 3424 506 3478 et
528 3412 610 3478 dixit
627 3415 784 3480 Helenum
798 3417 905 3480 omnia
920 3417 1009 3482 scire.
1059 3415 1194 3496 Agame-

79 3533 179 3578 mnon
195 3535 237 3578 ex
250 3517 374 3581 consilii
387 3518 540 3582 sententia
546 3517 669 3586 Heleno
682 3532 714 3584 et
727 3517 921 3585 Cassandrae
932 3519 1106 3582 libertatem
1119 3515 1194 3582 red-

81 3613 172 3681 didit.
221 3617 362 3684 Helenus
374 3643 431 3708 pro
444 3611 573 3687 Hecuba
590 3634 622 3686 et
634 3620 850 3688 Andromacha
869 3643 979 3704 rogere
993 3621 1096 3710 eoepit
1110 3621 1193 3702 Aga·

80 3739 298 3805 memnonem,
325 3745 574 3790 commemorans
593 3727 696 3792 abhis
716 3749 841 3816 semper
859 3745 932 3790 eum
952 3722 1098 3788 dilectum
1110 3743 1194 3789 esse.

80 3823 296 3905 Agamemnon
312 3825 354 3892 ad
369 3829 535 3894 eonsilium
549 3831 658 3896 refert:
682 3831 807 3921 placuit,
825 3831 888 3894 illis
902 3829 1078 3894 libertatem
1090 3824 1191 3907 reddi,

80 3947 198 4014 suaque
214 3933 320 3996 omniu
334 3934 467 3998 restitui.
507 3933 632 4000 Deinde
646 3933 798 4024 praedam
812 3934 898 3998 omni
912 3933 1062 3997 exercitui
1073 3951 1191 4018 aequa·

79 4031 150 4095 liter
174 4030 293 4098 diruit.
350 4035 463 4102 cuncti
483 4058 562 4124 eum¹
582 4037 845 4106 cousuluerunt.
903 4034 977 4118 Quo
998 4037 1100 4120 tacto,
1127 4033 1191 4102 diis

79 4133 200 4200 hostias
216 4148 248 4200 et
262 4149 338 4204 vota
351 4143 474 4206 solvere
486 4143 617 4230 plausit,
638 4153 687 4226 et,
710 4139 836 4230 quando
850 4137 986 4207 debeant
997 4137 1128 4206 domurn
1139 4161 1191 4206 re-

79 4238 176 4320 verti,
195 4237 283 4308 diem
296 4245 494 4312 constituere.

483 4428 527 4543 aa
