2762 4684
551 290 712 354 omme
727 291 885 352 PHRYGD

617 420 710 494 (lar.
733 421 815 490 XV.

262 557 433 646 Postquam
459 559 597 626 Athenas
620 569 850 646 convenerunt,
873 559 1089 642 Agamemnon
1113 557 1202 628 duoes
1227 563 1269 626 in

164 663 329 732 concilium
348 675 514 745 convocat,
539 665 693 746 hortatur,
720 677 755 729 ut
775 665 1023 752 quamprimum
1042 664 1174 730 iniurias
1195 686 1269 732 suas

164 765 343 836 defendant.
392 767 506 849 Rogat,
532 769 560 832 si
573 769 635 832 illis
648 771 788 856 placeat3
813 767 999 855 suadetque,
1023 780 1074 848 ut,
1103 781 1269 854 antequnm

164 871 443 964 proficiscerentur,
465 870 607 960 Delphos
625 870 666 936 ad
678 873 853 960 Apollinem
866 869 1090 937 consulendum
1104 871 1148 936 de
1160 884 1226 936 tota
1236 895 1268 936 re

162 977 339 1040 mitterent:
365 975 414 1038 cui
432 995 541 1040 omnes
559 977 741 1044 assentiunt.
793 974 851 1040 cui
871 975 918 1038 rei
938 977 1115 1063 praefinitam
1128 977 1269 1058 Achilles,

165 1091 198 1145 et
219 1101 290 1142 cum
312 1077 453 1142 Patroclo
480 1077 693 1166 proficiscitur.
744 1078 886 1143 Priamus
910 1079 1043 1159 interea,
1075 1091 1111 1142 ut
1142 1079 1268 1160 audivit,

166 1183 239 1270 quia
256 1183 363 1246 hostes
379 1181 480 1269 parati
494 1194 575 1262 suot,
600 1183 696 1246 mittit
710 1205 766 1270 per
780 1194 879 1246 totam
894 1183 1078 1264 Phrygiam,
1100 1185 1156 1268 qui
1176 1184 1269 1246 liniti-
1353 1246 1354 1260 ,

164 1308 237 1351 mos
255 1287 407 1350 exercitus
429 1283 598 1365 adducant,
625 1283 773 1372 domique
793 1287 909 1350 milites
926 1307 1039 1367 magno
1060 1287 1171 1350 aniano
1188 1303 1270 1350 oom-
1353 1291 1354 1346 l

165 1401 264 1480 parat.
315 1387 422 1470 Quum
440 1388 572 1453 Achilles
597 1389 740 1476 Delphos
763 1391 921 1472 venisset,
947 1386 989 1452 ad
1015 1391 1176 1462 oraculum
1201 1411 1272 1478 per·

167 1495 230 1578 git3
256 1504 288 1557 et
311 1515 352 1558 ex
373 1491 476 1576 adytis
500 1489 722 1580 respondetur:
756 1489 891 1558 Graecos
922 1493 1059 1568 ricnuos
1089 1490 1272 1580 decimoque
1353 1505 1354 1584 ᾗ

166 1619 250 1660 anno
275 1596 404 1662 Troiam
433 1608 586 1684 capturos.
636 1595 769 1660 Achilles
798 1619 849 1662 res
879 1595 1020 1675 divinas,
1061 1595 1145 1660 siem
1172 1598 1272 1684 impe-

166 1712 270 1766 ratum
292 1711 357 1780 est,
392 1700 476 1766 facit.
533 1698 574 1762 Et
600 1720 639 1766 eo
667 1712 808 1789 tempore
837 1711 966 1765 venerat
997 1698 1149 1780 Calchas,
1186 1701 1273 1764 The-
1353 1722 1354 1752 t

168 1815 252 1870 store
268 1815 368 1882 natus,
396 1801 541 1868 divinus:
567 1800 651 1868 dona
665 1815 790 1891 propter
804 1804 942 1888 Phryges
957 1825 976 1868 a
993 1824 1051 1868 sno
1063 1805 1184 1891 populo
1196 1804 1272 1868 mis-
1353 1781 1354 1820 l

168 1927 222 1972 sus
235 1906 369 1994 Apollini
391 1909 551 1994 portabat3
580 1907 675 1970 simul
689 1908 842 1972 consuluit
860 1905 898 1970 de
912 1927 1009 1988 regno
1022 1909 1179 1992 rebusque
1198 1908 1272 1974 anis.

167 2011 250 2075 Iluic
272 2032 314 2074 ex
335 2007 439 2090 adytis
466 2009 686 2098 respondetur,
712 2023 748 2074 ut
767 2033 838 2074 cum
859 2011 1044 2092 Argivorum
1065 2012 1166 2076 classe
1189 2012 1272 2074 rnili-
1353 2047 1354 2076 t

168 2127 236 2178 tum
252 2125 356 2176 contra
371 2111 526 2178 Troianos
540 2115 760 2201 proficiscatur,
783 2136 899 2201 eosque
912 2135 969 2178 sua
983 2115 1184 2195 intelligentia
1200 2136 1273 2178 mo·

167 2230 251 2298 teat,
265 2239 305 2282 ne
320 2217 372 2281 rel
387 2215 462 2280 inde
475 2219 560 2306 prius
578 2215 748 2299 discedant,
765 2229 860 2304 quam
874 2219 971 2284 Troia
987 2230 1076 2306 capto
1090 2219 1140 2282 sit.
1178 2215 1271 2282 Post-
1314 2285 1327 2312 ⁶

169 2343 264 2410 quam
285 2322 320 2385 in
340 2323 449 2384 fanum
468 2333 680 2401 ventumst,
706 2323 787 2386 inter
808 2343 843 2386 se
861 2322 993 2385 Achilles
1019 2333 1049 2384 et
1072 2319 1203 2386 Calchas
1222 2341 1270 2384 re-
1353 2339 1354 2432 p

169 2445 286 2514 sponsa
300 2425 507 2488 contulerunt:
532 2422 703 2506 gaudentes
715 2425 870 2512 hospitio,
896 2425 1066 2488 armcitiarn
1080 2426 1269 2502 confirmant,

168 2549 233 2593 uno
247 2528 384 2593 Athenas
404 2528 654 2616 proficiscuntur,
675 2529 877 2618 perveniunt,
904 2541 936 2592 et
955 2527 1088 2594 Achilles
1111 2526 1222 2592 eadem
1236 2528 1270 2589 in
1300 2585 1302 2589 .

169 2633 303 2697 concilio
317 2633 420 2695 refert.
469 2631 741 2716 Argivigaudentt
765 2630 965 2698 Calchantem
985 2653 1091 2696 secum
1113 2631 1269 2720 recipiunt,
1353 2623 1354 2630 '

171 2737 304 2800 classem
321 2735 457 2800 solvtmt.
492 2733 616 2820 ¹Quum
635 2757 690 2800 eos
710 2747 909 2824 tempestates
928 2736 974 2800 ibi
993 2735 1177 2814 retinerent,
1201 2731 1270 2799 cat-

168 2839 246 2903 chas
264 2861 305 2904 ex
318 2838 446 2920 augurio
462 2837 633 2927 respondit,
659 2851 694 2903 ut
709 2851 915 2924 revertantur,
941 2851 973 2902 et
986 2839 1125 2926 primum
1140 2840 1175 2902 in
1186 2835 1272 2902 tui-

171 2941 246 3006 dem
259 2942 499 3031 proficiscantur,
516 2955 550 3006 ut
562 2941 685 3008 Dianae
702 2943 882 3012 sacrificent.
931 2942 1065 3007 Profecti
1079 2943 1274 3030 perueniunt.

169 3046 383 3128 Agamemnon
397 3043 534 3110 Dianam
555 3049 673 3135 placat,
701 3043 835 3132 dicitque
859 3046 968 3126 sociis,
995 3059 1030 3110 ut
1053 3047 1181 3110 classem
1206 3045 1274 3108 sol·

170 3157 261 3228 tant,
288 3146 329 3210 ad
349 3147 480 3212 Troiam
502 3151 561 3214 iter
584 3151 707 3218 faciant.
757 3150 892 3216 Uttmtur
912 3147 989 3232 duce
1007 3149 1195 3228 Philocteta,
1221 3147 1274 3234 qui

170 3272 242 3315 cum
254 3249 438 3330 Argonautis
454 3249 495 3315 ad
509 3252 639 3318 Troiam
659 3255 773 3318 fuerat.
827 3252 951 3320 Deinde
974 3243 1129 3342 applicani
1143 3254 1271 3317 classem

171 3352 213 3420 ad
228 3351 394 3442 oppidum,
421 3352 504 3440 quod
519 3357 576 3420 sub
593 3356 725 3444 imperio
740 3357 858 3422 Priami
873 3360 955 3439 regis
970 3357 1063 3437 erat,'
1079 3369 1112 3422 et
1124 3354 1159 3420 id
1174 3375 1269 3440 expu-

170 3469 275 3542 gnant,
296 3454 472 3546 praedaque
484 3461 573 3540 facta,
598 3460 842 3548 proficiscuntur.
892 3461 1029 3550 Veniunt
1041 3459 1203 3537 Tenedon,
1216 3457 1272 3520 uhi

153 3583 283 3630 omnes
314 3560 469 3629 occidunt.
522 3567 739 3648 Agamemnon
762 3543 914 3654 praedam
942 3564 1076 3648 dividit,
1109 3563 1272 3630 concilim

170 3677 276 3732 vocat.

622 3849 714 3920 Cur.
740 3851 834 3924 XVI.

272 3985 351 4054 Inda
373 3989 492 4071 legatos
514 3984 555 4053 ad
574 3987 734 4054 Priamum
755 3992 868 4072 mittit,
899 3991 930 4058 si
952 3993 1048 4058 vellet
1066 3993 1225 4058 Helenam
1245 4001 1275 4054 et

170 4087 336 4176 praedam,
362 4112 456 4176 quam
477 4091 651 4158 Alexander
670 4095 757 4174 feeit,
782 4097 955 4162 restituere.
1005 4098 1118 4179 Legati
1133 4099 1276 4178 lemtur

172 4189 345 4258 Diomedes
359 4206 393 4258 et
406 4195 526 4276 Ulixes,
550 4193 592 4260 ad
603 4195 764 4262 Priamum
779 4200 1023 4286 proficiscuntur.
1067 4199 1160 4267 nnn
1180 4197 1274 4282 letti
