2860 4688
456 371 552 427 emm
576 371 725 424 morsm
750 371 816 422 trs.
845 369 893 422 tv.
1154 347 1225 420 tes
1273 356 1277 364 '

132 563 188 648 tis
217 581 288 642 ent
312 563 394 671 spei
419 565 544 644 bonae
569 563 754 640 fiduciam
777 559 950 651 credere,
977 557 1046 636 illo
1071 559 1228 636 interle-

134 704 219 771 oto,
253 681 343 786 qui,
369 682 525 788 inclyta
552 697 776 790 pergentes
802 681 904 754 fama
929 701 1062 754 rerum
1086 675 1230 752 milita-

134 801 254 884 rium,
281 799 325 874 in
349 824 444 904 pace
468 801 585 878 etiam
610 796 806 902 praeclare
833 793 1024 900 pudicitia
1032 825 1045 883 ‚-
1081 817 1127 868 ex
1150 817 1229 896 que

133 913 246 994 haud
277 914 489 1006 minorem,
529 941 650 1019 quam
687 913 847 1016 reliquis
882 911 1032 987 artibus
1068 905 1230 1011 gloriam

135 1031 301 1138 adeptus
323 1047 416 1106 eret
466 1025 619 1108 Interea
640 1029 845 1136 sepelivere
868 1055 959 1104 eum
984 1023 1091 1100 hand
1116 1023 1231 1126 longe

134 1177 160 1226 a
186 1147 340 1224 tumulo
365 1146 415 1222 lli
440 1147 539 1250 regis
562 1143 772 1250 quondam.
822 1145 924 1219 Dein
951 1160 1083 1218 exorto
1107 1163 1229 1244 quam
1263 1215 1267 1228 ,

133 1265 305 1344 maximo
335 1261 493 1340 ululatu
525 1281 714 1369 postrema
739 1259 869 1341 itineri
891 1274 1101 1364 peragunt,
1134 1255 1231 1331 hino

134 1378 317 1458 foeminis
335 1405 425 1456 enm
448 1379 609 1454 Hecuba
634 1377 876 1466 deflentibus,
904 1375 997 1450 hino
1018 1374 1231 1450 reclamen-

134 1497 243 1574 tibus
274 1493 452 1570 Troianis
484 1494 594 1579 viris,
626 1512 667 1570 et
695 1491 746 1568 ad
770 1511 1005 1598 postremum
1034 1489 1228 1565 sociorum

134 1610 326 1716 gentibue
376 1611 486 1710 Quae
505 1635 577 1716 per
597 1608 677 1686 dies
697 1609 839 1700 decem,
862 1631 1035 1683 concessa
1053 1603 1227 1681 bellandi

133 1727 283 1831 requie,
308 1725 358 1802 ab
383 1745 473 1802 ortu
497 1727 586 1803 solis
610 1725 662 1801 nd
685 1750 809 1828 usque
828 1747 1026 1829 'vesperam
1047 1746 1117 1826 per
1132 1723 1228 1797 Tro-

132 1844 244 1922 ianos
268 1859 380 1948 gesta,
405 1843 517 1918 nullo
541 1868 707 1950 usquam
732 1841 886 1918 remisso
908 1835 1067 1941 lugendi
1088 1837 1235 1914 oliioio.¹

236 1963 287 2036 11.
336 1958 499 2036 Interim
524 1985 595 2064 per
619 1957 770 2035 eosdem
795 1958 875 2034 dies
897 1956 1154 2046 Penthesilea,
1179 1951 1230 2030 de

133 2103 215 2183 qna
241 2094 333 2152 ente
369 2075 678 2160 memoravimus,
709 2101 800 2151 cum
823 2101 962 2178 magna
990 2077 1227 2151 Amazonum

132 2219 258 2270 menn
289 2191 527 2296 reliquisque
552 2217 597 2266 ex
622 2191 790 2268 finitimo
813 2190 970 2298 populis
992 2188 1232 2297 supervenit«

132 2309 247 2406 Quae
278 2325 482 2413 postquam
516 2309 768 2385 interemtum
799 2310 1003 2384 Hectorem
1028 2302 1228 2410 cognovit,

131 2427 310 2532 perculsa
334 2442 459 2500 morte
484 2425 566 2500 eius
590 2423 741 2528 regredi
774 2423 934 2501 domum
968 2425 1144 2530 cupiens,
1175 2420 1238 2498 ad·

132 2559 376 2646 postremum
401 2541 526 2616 multo
552 2567 648 2616 auro
673 2559 791 2644 atque
816 2559 975 2646 argento
996 2539 1046 2614 eb
1062 2541 1227 2615 Alexan·

133 2655 211 2731 ‹lro
248 2657 393 2748 illecta,
430 2655 578 2732 ibidem
616 2658 789 2764 opperiri
827 2655 1054 2733 decreverat.
1120 2654 1225 2730 Dein

130 2773 280 2850 exactis
301 2775 452 2880 aliquot
476 2771 612 2852 diebus
637 2776 765 2882 copias
787 2799 873 2850 suas
896 2771 1014 2850 ermis
1044 2769 1224 2848 instruit:

130 3199 179 3255 m·
196 3128 1225 3272 li'si'iiifliaflsil'll¹2¹5?iilziii‘ff'ssli'{iiiitwiliii'iii

128 3269 306 3324 movendum·
343 3275 405 3328 Post
427 3271 567 3345 pudicitia
591 3272 680 3324 intell.
702 3280 767 3324 eret.
809 3273 920 3340 Inclyta
928 3273 1013 3346 samo
1034 3279 1128 3326 sextu·
1145 3285 1225 3325 earne

128 3349 191 3402 ert,
209 3342 338 3395 absolute
377 3345 481 3404 ositos,
500 3359 557 3416 quo
578 3341 652 3395 nihil
670 3343 804 3411 Septimio
823 3343 1005 3412 frequentius.
1043 3343 1225 3396 ettennon.

128 3413 248 3535 m.
265 3411 321 3466 XL.
391 3413 564 3488 opudieitia
581 3413 657 3466 crau
672 3412 831 3486 prudentia.
869 3411 943 3466 lulra
966 3415 992 3468 S.
1011 3413 1083 3470 Gall·
1106 3430 1170 3486 opp.
1188 3413 1225 3468 at

199 3551 268 3606 ltine
287 3577 320 3596 «-
338 3553 416 3625 hiae)
450 3553 520 3605 vuu
538 3551 705 3624 vindingius
723 3552 790 3609 hino
808 3581 842 3596 -
861 3553 949 3609 illine
986 3553 1022 3608 At
1038 3569 1097 3625 etp.
1114 3555 1138 3608 8.
1158 3553 1226 3610 ltine

126 3621 230 3676 Aethio
250 3641 282 3674 ur
301 3653 333 3666 -
351 3624 419 3677 hinc
441 3625 572 3682 Graecos.
602 3623 644 3676 Cf.
664 3623 752 3694 virgil
778 3625 845 3678 Aen.
865 3625 908 3676 1x.
925 3626 990 3688 550,
1021 3625 1051 3676 X.
1069 3625 1146 3695 7⁶0?
1165 3625 1223 3677 ΧΠ.

127 3695 194 3762 457.
266 3693 283 3746 d
308 3693 343 3748 ed
368 3695 524 3776 satietatem
548 3695 602 3746 iam
628 3697 747 3766 protulit
771 3695 800 3746 in
826 3711 855 3748 re
880 3711 963 3765 parve
981 3705 1076 3748 contra
1092 3695 1224 3766 Vindlug.

126 3765 256 3835 exempla
274 3763 424 3836 Wopkens.
442 3782 470 3836 p.
489 3784 532 3836 7⁰·
568 3765 640 3818 lnlra
661 3764 727 3818 libri
745 3768 800 3820 mei
819 3773 848 3820 et
865 3765 948 3818 Mero
974 3767 1110 3821 troianis
1127 3768 1221 3832 viris,

124 3851 186 3888 non
205 3837 280 3890 virts
299 3837 376 3891 troi.
413 3835 444 3892 S.
462 3837 534 3890 Gall.
553 3853 617 3906 opp.
636 3853 731 3908 usque,
749 3853 803 3894 om.
821 3835 869 3895 ad.

199 3907 280 3959 nulle
295 3909 422 3980 usquam)
459 3909 508 3960 tte·
528 3907 609 3958 llere.
629 3915 659 3959 et
676 3909 770 3960 Deeer.
788 3925 933 3980 nusquam.
951 3921 1007 3961 non
1026 3907 1097 3959 malt
1116 3905 1223 3976 glossa,-

123 3989 193 4029 Μ
210 3977 293 4031 nouo
330 3980 379 4032 oni
395 3976 471 4048 apud
490 3977 626 4031 Romanos
648 3994 714 4048 pro:
740 3978 819 4031 nullo
838 3979 910 4040 loco,
930 3975 1025 4030 docuit
1045 3977 1165 4034 Gronov·
1185 3975 1222 4030 ed

122 4046 284 4105 tinxxu.
322 4053 347 4104 3.
382 4049 485 4102 Melius
510 4058 603 4103 temen
622 4050 712 4118 iungit
729 4049 808 4103 nullo
825 4049 928 4124 officio
964 4049 1046 4118 Aput,
1065 4049 1130 4102 Mel„
1148 4047 1222 4101 vut.

119 4135 152 4190 p.
172 4119 236 4178 521.
252 4123 348 4175 onnia
364 4118 474 4206 quidem
488 4120 642 4242 lugentium
658 4119 755 4194 affola
773 4121 890 4174 solerter
907 4116 1028 4190 affingit.

198 4188 232 4239 ll·
269 4207 304 4244 rx
318 4191 455 4265 fimrimo)
490 4191 644 4256 verine
666 4201 695 4242 et
710 4192 785 4245 Creo
803 4205 839 4244 ex
849 4191 991 4264 finitimis.
1029 4191 1107 4242 Rern.
1125 4191 1222 4243 eain·

116 4258 258 4333 fistulae.
279 4277 305 4314 r.
323 4263 440 4318 exactat.
458 4279 485 4336 p.
505 4263 574 4323 stt.
591 4278 633 4335 sq.
670 4262 748 4318 lnlra
764 4277 816 4333 pto
831 4261 963 4334 perculsa
980 4261 1059 4317 Rern.
1078 4277 1218 4335 pereussa.
