2726 4686
433 391 526 440 nem
553 391 695 442 morsus
721 391 787 441 ne,
813 367 851 441 it.
1125 377 1170 444 53

76 579 291 686 Telephus,
318 579 387 655 etsi
413 576 544 654 dolore
570 579 737 655 vulneris
753 580 957 658 immodice
972 581 1175 658 afflictaba-
1219 653 1225 664 ,

77 715 154 786 tur,
191 697 361 798 benigne
394 713 522 770 tamen
556 696 806 800 respondens,
843 703 1006 796 ipsorum
1026 705 1175 798 potius,

77 813 152 899 eit,
181 813 296 910 culpa
308 812 479 912 factum,
505 811 606 914 quod
623 817 866 888 amicissimos
885 830 920 888 et
941 818 1084 887 iunctos
1101 813 1177 888 sibi

78 933 233 1028 generis
258 927 464 1028 affinitme,
493 953 610 1028 regno
635 951 704 1002 suo
730 929 905 1028 appulsos
931 932 1176 1028 ignoraverit:

74 1042 373 1142 praemittendos
398 1046 531 1116 etenim
540 1045 683 1144 fuisse,
710 1069 913 1147 perquer,
942 1049 1092 1145 cognito
1116 1071 1176 1120 eo-

81 1183 161 1232 rum
195 1158 390 1245 adventu,
427 1157 570 1232 obviarn
603 1162 659 1232 ire
682 1161 927 1258 gratulantem
951 1166 1175 1259 oportuerit,-

80 1293 192 1378 utque
223 1280 344 1350 catice
378 1276 540 1376 hospitio
577 1293 742 1375 receptos
764 1267 992 1379 donatusque
1017 1282 1177 1352 muneri-

89 1389 173 1479 bus,
207 1419 324 1493 quum
357 1391 587 1466 commodum
620 1395 711 1490 ipsis
734 1391 947 1481 uideretur,
978 1397 1172 1468 remittere.

89 1505 262 1581 Ceterum
306 1509 476 1581 militiam
518 1509 710 1580 Priamum
745 1506 939 1582 adversum
980 1532 1174 1582 recusare:

88 1619 312 1723 Astyochea
346 1627 443 1697 enim
467 1623 613 1696 Priami
638 1626 797 1696 iunctam
822 1621 897 1696 sibi
920 1628 1152 1698 matrimonio
1158 1657 1172 1714 ς

83 1761 134 1810 ex
165 1761 245 1839 qua
268 1737 484 1838 Eurypylus
509 1742 674 1838 genitus,
707 1742 953 1813 arctissimum
978 1739 1177 1842 affinitatis

83 1853 221 1951 pignus
255 1851 507 1927 intercederet.
566 1853 668 1928 Dein
706 1879 868 1959 propere
903 1854 1176 1959 popularibus.

88 1966 142 2040 uti
165 1967 217 2042 ab
245 1967 401 2072 incepto
426 1965 664 2057 desisterent,
679 2033 681 2040 .
698 1969 877 2044 nunciati
904 1970 1032 2047 iubet:
1058 1989 1175 2073 atque

88 2079 138 2156 ite
163 2082 304 2158 nostris
328 2083 489 2158 liberam
514 2082 735 2187 egrediendi
767 2085 927 2160 navibus
950 2103 1176 2190 potestatem

88 2198 289 2300 permittit.
344 2199 590 2303 Tlepolemus
623 2218 662 2276 et
692 2200 762 2302 qui
788 2227 878 2276 eum
903 2228 947 2277 eo
975 2222 1174 2292 venerant,

89 2313 287 2419 Eurypylo
312 2313 542 2392 tradunturt
568 2316 698 2420 hique,
726 2317 901 2420 perfectis
925 2345 1025 2420 quae
1044 2320 1174 2425 cupie-

89 2447 185 2518 runt,
212 2429 266 2506 ed
293 2456 404 2506 neves
427 2451 612 2536 pergunt,
645 2433 874 2508 nunciantes
897 2435 1174 2535 Agamemnoni

88 2567 129 2616 ec
157 2546 321 2649 reliquis
358 2539 521 2651 regibus
552 2562 685 2655 pacem
728 2546 1050 2653 concordiamque
1084 2551 1174 2628 eum

89 2661 267 2768 Telepho.
742 2663 744 2670 ’

179 2783 249 2856 vl.
287 2780 398 2879 Qu'oe
414 2781 485 2857 ubi
508 2807 696 2888 accepere,
721 2801 952 2889 apparatum
971 2781 1062 2857 belli
1084 2782 1173 2862 lacti
1280 2791 1291 2800 '

92 2893 283 2971 emittunt.
335 2897 438 2974 Dein
462 2923 508 2972 ex
523 2899 674 2976 consilii
694 2897 883 2976 sententie
900 2897 1066 2988 Achilles
1083 2925 1182 3000 eum¹

88 3007 195 3087 Aiace
221 3011 272 3088 ad
296 3014 513 3123 Telephum
538 3041 763 3124 peruenere,
794 3043 962 3121 eumque
988 3015 1172 3094 iactuum

88 3259 128 3314 53.
146 3281 168 3334 7.
194 3281 233 3318 ee
247 3267 377 3336 primum,
393 3265 472 3318 voltu
490 3263 580 3320 instes
599 3264 772 3329 adventure,
794 3267 938 3319 tumulum
948 3263 1056 3336 secere.
1081 3263 1170 3318 Etiam

88 3329 129 3383 bic
144 3345 285 3404 exspectes
302 3334 503 3398 adventarent,
549 3335 601 3390 uod
623 3355 656 3388 en
676 3337 841 3407 quibusdam
864 3337 923 3388 Edu
953 3337 1025 3387 mulo
1044 3335 1103 3387 iure
1121 3335 1170 3388 de-

88 3401 168 3456 testu
186 3407 308 3467 Cottius,
325 3423 386 3458 eum
404 3423 497 3459 estrees
547 3407 592 3461 SS.
615 3415 745 3460 tueantur
764 3408 941 3460 infinitivum.
960 3435 992 3446 -
1014 3404 1062 3458 Ed.
1082 3407 1167 3459 Ptine.

88 3478 257 3536 unhrain,
282 3485 313 3528 ut
330 3485 359 3528 ei
378 3477 405 3526 in
427 3475 529 3544 prolog.

148 3547 278 3600 attritam
298 3546 437 3600 Priamum
453 3545 609 3616 aduersum)
646 3547 671 3600 S.
697 3546 768 3598 Geli.
797 3553 923 3614 uterque,
950 3545 997 3596 ΕΔ.
1027 3546 1110 3597 Ptine.
1142 3554 1171 3598 et

88 3611 153 3666 Cret.
177 3619 235 3670 nii
263 3615 327 3673 ndu.
354 3617 454 3669 Prinas.
499 3616 553 3668 set
580 3618 655 3669 Bern.
683 3627 711 3668 et
736 3615 784 3670 Ed.
805 3616 884 3668 uere.
905 3617 1008 3668 Prinas.
1027 3613 1088 3670 adr.
1109 3619 1167 3671 nni.

88 3683 161 3735 tecte
179 3689 264 3754 igiter
292 3703 322 3739 se
345 3686 450 3738 habere
472 3687 581 3739 videtur
599 3687 681 3740 lectio
700 3686 747 3739 Ed.
768 3685 851 3748 om..
867 3703 949 3756 quarn
968 3695 1078 3740 secutus
1099 3705 1167 3739 som.

89 3749 125 3806 Gi.
146 3753 233 3810 Ginsu
252 3757 288 3810 sd
306 3777 329 3812 e.
345 3759 370 3810 3.
408 3757 458 3808 Pro
482 3757 607 3828 praeced.
626 3759 694 3828 ipsis
714 3759 790 3810 Rem
819 3764 848 3810 et
865 3757 890 3806 S.
907 3754 979 3808 Gali.
995 3773 1048 3824 opp
1071 3759 1167 3828 ipsius.

148 3827 270 3882 turcian
296 3827 353 3881 sibi
376 3829 468 3899 matr.)
504 3829 562 3882 flue
580 3825 676 3881 ordine
701 3829 766 3880 libri
790 3827 845 3878 mei
866 3833 894 3877 et
915 3824 963 3876 Ed.
983 3829 1088 3893 Mete,
1110 3845 1167 3880 neu

87 3907 160 3950 ute.
174 3899 229 3948 sibi
245 3900 334 3952 t'nnct.

148 3969 342 4038 arctissimum)
379 3967 458 4026 Rern.
485 3969 576 4034 ortiss.
595 3966 629 4019 de
649 3984 704 4036 que
725 3967 812 4020 iorms
835 3983 892 4036 cap.
917 3965 958 4018 25.
1000 3965 1073 4018 infre
1100 3975 1162 4032 pest

84 4037 207 4100 finiuit
231 4038 260 4092 iu
282 4037 332 4096 Ed.
356 4039 438 4090 Cret*
455 4036 567 4094 sitinus·
593 4035 721 4090 adiicitur
745 4057 782 4094 ac
804 4057 855 4106 pre
879 4051 996 4104 tempore
1015 4035 1160 4090 cohortari

86 4117 142 4154 tuos
163 4115 190 4156 et
210 4110 332 4177 pergitur
352 4111 473 4181 tusaque
492 4110 667 4178 Tlepolemus.
684 4109 715 4159 ln
730 4125 788 4178 seq.
805 4109 852 4162 ltu.
868 4110 954 4163 Ptine.
970 4109 1066 4180 hisque
1084 4107 1159 4178 pers.

85 4169 143 4223 Cret
166 4181 310 4246 peractis,
329 4187 357 4231 et
376 4195 441 4232 mox
459 4181 649 4246 nunciavitque

115 4241 156 4298 Vl
188 4254 350 4320 per-uenere)
384 4251 457 4303 Cret.
474 4253 644 4322 perueniunt·
667 4248 785 4306 -Inira
805 4247 831 4302 S.
853 4245 924 4302 Gru.
943 4265 1016 4324 opp,
1036 4249 1114 4303 Brsn.
1132 4255 1162 4302 et
