2762 4684
368 346 425 410 ,tte
439 341 594 404 mimo
612 337 756 404 ’ΝΟΜ
768 338 953 399 ffie'rottta·
1161 333 1209 402 Ἰὓ

101 529 256 602 mandato
270 539 396 620 parent,
419 530 582 596 mittnntnr
595 525 727 592 Achilles
740 535 774 592 et
788 524 948 616 Telephns
960 519 1003 586 ad
1013 513 1207 608 depr-'aeden-

100 638 182 704 dam
197 637 365 703 Moesiam.
413 633 463 699 hd
476 633 700 699 Teuthrantem
711 651 818 714 regem
833 631 973 706 veniunt,
997 621 1207 714 praedamque

99 745 231 808 meent.
281 737 438 804 Teuthras
452 758 525 800 eum
537 736 675 802 exercitu
687 736 880 823 supervenit3
901 749 995 820 quem
1008 727 1142 794 Achilles
1155 729 1206 790 fu·

100 858 178 929 gato
192 845 331 908 exercitu
343 842 535 908 vulneravit:
559 859 653 926 mem
667 839 820 903 iacentem
838 837 995 926 Telephus
1009 837 1119 920 clypeo
1132 851 1207 918 pro-

100 949 195 1028 texit,
219 969 260 1012 ne
274 949 315 1010 ah
331 947 446 1010 tchffls
458 943 687 1024 interficeretur,
706 961 953 1008 commemorans
969 937 1142 1026 hospitium
1155 933 1207 996 in-

99 1065 151 1119 cer
166 1073 201 1116 se
212 1071 251 1116 eo
267 1063 427 1140 tempore,
453 1069 515 1135 qno
532 1047 690 1135 Telephus
703 1045 805 1111 adhoc
815 1067 910 1134 puer,
934 1054 1056 1130 epatre
1073 1037 1207 1104 Hercule

99 1155 294 1246 progenitus,
319 1151 546 1218 aTeuthrante
562 1171 635 1232 rege
647 1151 786 1240 hospitio
800 1161 941 1238 receptus
958 1157 1019 1212 est.
1073 1143 1207 1208 Diome-

101 1258 182 1324 dem
194 1277 300 1340 regem
314 1261 415 1322 serunt
428 1277 467 1321 eo
481 1267 622 1342 tempore
635 1275 706 1319 cum
720 1255 808 1341 equis
824 1253 1003 1343 potentibus
1018 1245 1207 1340 [venantem]

100 1363 236 1442 strenis,
263 1363 303 1424 ab
316 1361 449 1425 Hercule
462 1360 671 1437 interlectmn,
697 1357 880 1423 Teuthranti
894 1377 1024 1439 regnum
1033 1349 1209 1419 reddidisse

104 1466 292 1532 macheob
323 1466 383 1529 hoc
411 1463 478 1527 eius
507 1461 607 1526 filium
625 1461 802 1550 Telephum
831 1461 863 1524 ei
883 1459 1043 1548 suppetias
1067 1456 1207 1523 venisse.

101 1567 203 1650 Quod
221 1590 319 1654 mum
337 1567 493 1633 Teuthras
515 1565 715 1646 intelligeret,
741 1585 776 1630 se
797 1563 911 1629 eodem
928 1565 1057 1629 vulnere
1074 1569 1210 1624 mortem

101 1675 242 1755 effugere
264 1694 329 1736 non
343 1691 453 1758 posse,
479 1689 609 1751 regnum
624 1689 718 1732 suum
736 1669 830 1734 rivus
850 1668 991 1755 Telepho
1007 1664 1151 1744 tradidit,
1177 1673 1210 1726 et

101 1798 181 1843 enm
209 1795 316 1856 mem
347 1771 516 1840 ordinarit.
570 1773 654 1837 Tam
681 1791 788 1854 regem
810 1771 1033 1836 Teuthrantem
1050 1769 1210 1859 Telephus
1254 1792 1257 1801 ¹

99 1879 272 1961 magnifiee
298 1878 452 1966 sepelivit.
502 1874 621 1940 Suadet
650 1875 680 1939 ei
703 1876 851 1954 Achilles,
884 1887 1055 1942 utrorum
1078 1895 1210 1956 regnum

99 1994 289 2048 conservet:
310 1993 343 2045 et
364 1981 434 2068 plus
457 1981 556 2044 multo
580 1979 750 2043 exercitum
769 1977 960 2056 adiuturum,
987 1979 1209 2044 sieommeatu

102 2097 137 2150 et
151 2087 317 2164 irsunento,
342 2083 523 2168 quotannis
536 2083 650 2146 morati
662 2082 790 2162 fuerint,
816 2079 855 2144 de
870 2081 984 2146 eodem
1000 2101 1096 2164 regno
1117 2081 1209 2148 adiu-

100 2201 175 2268 vet,
208 2207 302 2274 quam
329 2188 359 2248 si
374 2181 427 2248 -ad
451 2185 586 2256 ¹Troiam
614 2196 675 2252 eat.
735 2175 844 2270 ltaque
868 2185 1028 2272 Telephus
1057 2199 1208 2254 remanet.

101 2293 237 2356 Achilles
251 2311 322 2354 cum
337 2309 453 2370 rengno
466 2287 601 2375 praedae
614 2288 799 2352 commercio
813 2286 855 2351 ad
871 2289 1041 2354 exercitum
1056 2287 1209 2354 Tenedon

105 2394 281 2460 revertitur.
330 2393 556 2474 Agarnemnoni
569 2413 637 2458 rem
651 2403 773 2473 gestam
786 2403 903 2458 narret:
924 2391 1136 2474 Agamemnon
1150 2413 1210 2481 ap-

102 2499 231 2585 probat,
256 2494 429 2562 conlaudet.

547 2663 638 2731 Gar.
662 2661 771 2732 XVII.

207 2797 331 2866 Interea
350 2800 445 2883 legati
464 2801 556 2866 missi
578 2797 620 2864 ad
635 2799 794 2866 Priamum
813 2800 954 2868 veniant.
1004 2799 1115 2867 Ulixes
1126 2801 1209 2885 Aga-

101 2903 285 2968 memnonis
298 2907 394 2970 rerba
405 2905 508 2983 refert,
528 2907 672 2991 postulat,
691 2916 726 2967 ut
739 2904 861 2969 Helena
875 2918 907 2968 et
923 2903 1041 2994 praeda
1052 2903 1208 2988 reddatm,

104 3005 243 3091 satisque
257 3007 316 3071 fiat
332 3009 415 3089 regi,
441 3019 476 3070 ut
486 3005 615 3094 pa'cilice
635 3005 804 3072 discedant.
854 3007 997 3074 Priamus
1009 3009 1139 3074 iniurias
1151 3011 1211 3076 ht-

103 3121 314 3190 gonautarum
330 3121 568 3189 commemoret,
592 3113 691 3200 patris
706 3113 882 3192 interitum,
908 3111 1026 3179 Troiae
1047 3134 1210 3202 expugna-

102 3213 225 3276 tionem
238 3223 270 3276 et
281 3213 441 3278 Hesionae
455 3215 572 3278 sororis
584 3216 784 3280 servitutem:
810 3213 943 3304 deniqne
956 3217 1144 3282 Antenorem
1161 3221 1210 3282 le-

101 3325 212 3396 gatum
229 3335 325 3400 quum
344 3317 479 3396 miserit,
505 3337 599 3404 qoem
616 3319 840 3382 contumeliose
860 3321 899 3382 ab
921 3319 968 3385 eis
985 3331 1131 3385 haetatm
1150 3323 1208 3385 sita

102 3437 215 3504 pacem
226 3417 382 3505 repudiat,
409 3421 525 3484 bellum
538 3418 664 3504 indicit,
690 3421 880 3489 Graecorum
894 3425 1014 3508 legatos
1033 3424 1073 3488 de
1092 3423 1210 3488 tinibus

102 3521 214 3610 repelli
232 3521 330 3586 iubet.
379 3524 488 3606 Legati
506 3525 541 3590 in
563 3535 665 3590 castra
685 3525 839 3592 Tenedon
858 3539 1068 3609 revertuntur,
1092 3547 1209 3598 tenun-

103 3623 218 3692 aiente
230 3645 429 3716 responsum.
477 3626 544 3695 Res
559 3631 700 3696 censuim
715 3631 840 3714 gerim.

509 3851 511 3856 .
536 3797 629 3868 Cer.
653 3799 780 3868 XVIII.

203 3927 341 4000 Adment
354 3953 432 4003 vero
447 3930 490 4000 ad
504 3937 657 4004 suthem
669 3937 795 4004 Priamo
809 3933 979 4003 adversam
997 3934 1091 4004 duces
1108 3933 1210 4004 Gree-

104 4047 212 4100 cct'cm
232 4033 377 4106 ductores
400 4039 437 4104 hi
457 4061 528 4106 cum
546 4039 738 4108 ‘exercitibus
763 4041 845 4122 suis,
871 4062 1004 4128 quorum
1024 4041 1155 4109 nomina
1177 4054 1210 4109 et

101 4139 278 4222 provincias
305 4143 514 4210 ¹insinuandas
540 4165 612 4212 esse
641 4143 800 4212 duximus.
864 4144 916 4210 De
936 4145 1026 4212 zelir
1049 4145 1210 4219 Pandarus

102 4235 289 4334 [daphim
313 4245 495 4334 Adrestae];
519 4246 560 4318 tle
582 4249 781 4340 Colophonis
800 4245 949 4341 Mopsum
975 4250 1017 4320 de
1037 4252 1211 4324 Cerialis·

457 4583 512 4662 A
