2726 4686
415 397 510 448 rents
534 395 679 447 ruorrru
708 398 774 446 uu.
801 395 838 445 u.
1117 377 1164 448 59

73 607 172 666 etna
219 587 282 664 ita
307 587 466 664 ascensis
498 587 679 677 navibus,
710 607 841 665 ventos
870 587 996 677 nacti,
1033 587 1167 694 puucis

77 705 211 780 diebus
234 703 283 779 ad
308 706 465 781 Troiam
489 709 704 809 pervenere.

174 824 237 897 xl.
290 825 363 896 Per
380 819 482 896 idem
506 839 654 926 tempus
673 818 867 925 Sarpedon
887 821 1035 920 Lycius,
1059 822 1164 898 Xan-

81 937 137 1012 tbi
160 955 198 1014 et
220 935 466 1026 laudamine,
491 935 760 1039 frequentibus
785 937 938 1046 nunciis
963 963 985 1012 a
1012 937 1165 1013 Priamo
1236 1029 1239 1044 Ι

76 1053 225 1146 accitus,
250 1081 341 1130 eum
366 1079 504 1156 magna
528 1072 767 1130 armatorum
784 1081 903 1130 manu
923 1052 1164 1130 adventabat.

75 1175 109 1245 {s
132 1171 199 1246 ubi
223 1169 497 1246 animadvertit
521 1171 658 1274 proetd
683 1197 861 1272 maguam
885 1165 964 1246 'vim
988 1170 1165 1248 classium

76 1283 264 1362 admotam
288 1287 433 1378 littori,
460 1305 566 1362 ratus
585 1303 633 1362 ut
651 1289 847 1388 negotium
873 1305 972 1377 erat,
999 1275 1163 1392 propere

72 1428 158 1478 suos
189 1403 370 1495 instruit,
405 1403 646 1506 Graecosque
669 1401 823 1507 degredi
851 1403 1078 1508 incipientes
1103 1403 1163 1480 in·

73 1519 185 1597 vadit.
242 1521 378 1624 Neque
410 1520 535 1596 multo
567 1537 654 1625 post
686 1543 728 1593 re
759 1519 911 1622 cognita
946 1517 1162 1596 Priamidae

75 1635 234 1741 errsptis
268 1635 384 1710 armis
407 1653 636 1712 accurrunt:
672 1661 798 1738 quum
823 1633 979 1710 interim
997 1637 1161 1728 Graeci,

71 1753 224 1828 infensis
236 1751 411 1830 hostibus
428 1771 466 1830 et
485 1753 591 1829 omni
616 1751 730 1828 modo
756 1751 999 1841 instantibus,
1026 1777 1154 1856 neque

76 1867 224 1970 degredi
249 1869 331 1944 sine
355 1869 544 1974 pernicie,
571 1893 696 1971 neque
719 1893 824 1942 arma
850 1893 1003 1973 capere,
1031 1870 1163 1946 turba·

76 1980 121 2059 tis
141 1984 341 2070 omnibus,
370 2001 410 2060 et
433 1983 485 2058 ob
512 1983 553 2059 id
576 2003 716 2060 cuncta
742 1982 1053 2088 impedientibus,
1076 2011 1161 2090 pos·

79 2119 164 2176 sent.
215 2097 277 2176 Ad
302 2120 537 2207 postremum
558 2120 693 2177 'tamen
720 2100 780 2192 hi,
805 2102 948 2204 quibus
973 2101 1013 2177 in
1037 2129 1083 2176 en
1106 2095 1162 2176 'fe-

76 2217 277 2293 stinatione
301 2216 477 2293 armandi
501 2235 619 2294 semet
644 2237 806 2324 potestas
829 2218 915 2326 fuit,
943 2215 1161 2293 confirmati

77 2334 172 2410 inter
200 2361 247 2412 ’se
283 2334 462 2426 invicem,
497 2335 638 2411 acriter
670 2335 794 2412 bootes
819 2336 1037 2410 incurrunt.
1084 2330 1163 2412 'Sed

76 2454 113 2530 in
126 2479 170 2532 ee
187 2481 325 2561 pugno
337 2453 575 2548 Protesilaus,
588 2451 698 2530 cuius
714 2451 820 2530 nuris
840 2449 1159 2558 primanomuium

76 2793 159 2846 estu
175 2789 303 2845 uuest·
365 2789 431 2846 tiam
450 2787 575 2846 referret.
593 2787 723 2848 Orneus.
760 2789 833 2840 tiene
853 2785 986 2840 adiuuent
1002 2785 1074 2838 hanc
1091 2801 1160 2839 cou-

74 2863 199 2918 tenuem
220 2865 316 2918 Euetst
339 2865 358 2914 'i
378 2861 483 2927 rerba,
505 2877 576 2932 quae
593 2863 635 2914 vir
653 2859 826 2912 doctissimus
846 2856 998 2926 adscripsit.
1035 2855 1089 2910 Sed
1107 2874 1161 2909 au·

75 2935 174 2988 dianus
195 2935 356 3005 Hyginum,
374 2934 424 3004 qui
444 2933 533 3002 magni
552 2931 637 2985 debet
655 2947 713 2984 esse
731 2928 882 2991 momenti,
907 2930 972 3001 quie
994 2946 1056 2981 eum
1075 2936 1159 2998 atque

75 3006 234 3076 Septimium
253 3007 290 3057 aii
313 3006 406 3057 noties
424 3004 453 3056 in
472 3002 589 3054 eundem
608 3017 719 3054 sentum
743 2999 894 3068 eademque
916 2997 973 3052 iere
991 3001 1073 3052 verba
1093 3017 1159 3050 eou-

74 3079 173 3146 spirare
194 3025 447 3128 animadvertimus.
486 3075 608 3142 Hyginus
620 3081 711 3124 utttern
729 3069 782 3120 iub.
800 3087 854 3122 sos.
874 3069 931 3121 ita:
949 3071 982 3124 ob
995 3071 1159 3142 beneficium

74 3145 145 3218 quod
160 3165 222 3202 ersus
237 3159 388 3207 sanarunt,
408 3145 484 3199 locos
502 3155 528 3197 et
547 3145 652 3196 itinera
671 3141 875 3196 demonstravit.
912 3140 998 3210 Igitur
1014 3143 1104 3195 ‘verbis
1122 3142 1158 3194 ob

73 3232 207 3288 acaptare
225 3221 348 3288 gratiam
365 3216 437 3268 nihii
456 3213 547 3268 voluit
562 3215 717 3284 Septimius
735 3215 887 3282 exprimere
905 3212 960 3264 nisi
978 3227 1095 3274 causum,
1110 3227 1159 3263 cur

74 3287 217 3341 officiosum
246 3306 275 3340 ee
304 3287 463 3356 praebuerit
490 3285 649 3354 Telephus,
673 3283 793 3335 minime
817 3299 881 3336 vero
907 3283 1158 3336 remunerationem

74 3363 172 3426 arrepti
191 3359 336 3420 beneficii,
363 3371 434 3427 quse
453 3355 531 3408 notio
549 3355 619 3407 latet
637 3356 666 3408 in
683 3355 774 3428 verbis
792 3355 962 3424 negligenter
979 3353 1077 3422 positis
1100 3349 1158 3404 dur:
1261 3355 1267 3368 '

65 3429 167 3500 sedne,
185 3431 203 3480 i.
221 3437 249 3484 ἰ.
265 3443 326 3482 sese
345 3427 419 3479 nitro
443 3425 553 3498 (nempe
573 3425 603 3478 in
620 3425 872 3478 remunerationem
892 3424 997 3494 accepti
1009 3422 1173 3493 beneficii)¹

73 3504 128 3552 riae
147 3501 245 3553 ducens
264 3497 412 3569 praestitit.

135 3585 237 3625 ventos
255 3559 345 3639 riseri)
375 3567 439 3620 Crat
459 3580 600 3620 ventosex
612 3567 750 3619 sententia
763 3567 847 3620 noeti.
867 3581 891 3626 r,
903 3561 1052 3636 Wopkens.
1076 3579 1101 3634 p.
1113 3577 1156 3616 nr.

101 3637 146 3695 Xi.
181 3639 296 3712 degredi
314 3639 412 3709 incip.)
449 3637 488 3689 Ita
508 3645 636 3689 exoratur
655 3639 683 3688 in
702 3637 793 3688 tribue
811 3637 878 3688 meis
900 3635 995 3698 MSS,
1016 3643 1047 3686 ut
1074 3633 1156 3702 paulo

74 3711 139 3762 inira
160 3729 251 3786 neque
268 3707 384 3782 degredi
403 3711 464 3764 sine
478 3711 629 3793 pernicie·
650 3709 772 3778 Utroque
792 3707 853 3759 ioco
871 3705 920 3759 Ed.
935 3705 1019 3758 Ptine.
1036 3701 1159 3774 digredi.

73 3781 145 3850 intg
170 3780 276 3853 egredi.
314 3781 377 3834 Scio
394 3793 531 3852 proprium
550 3779 657 3832 Latinis
681 3777 825 3829 formulam
844 3791 902 3830 esse
921 3774 1016 3847 egredi
1031 3775 1156 3829 naritus.

71 3869 120 3924 qna
140 3855 201 3922 ipse
220 3851 370 3922 Septimius
389 3851 457 3902 alibi
477 3851 571 3902 utitur.
618 3849 673 3902 Sed
692 3845 808 3919 degredi
824 3847 953 3907 novibus,
981 3846 1101 3898 insolens
1126 3844 1157 3896 id

71 3923 180 3994 quidem
199 3921 334 3994 loquendi
350 3935 450 3992 genus,
471 3935 522 3972 nee
540 3927 631 3972 tamen
650 3919 796 3973 latinitatis
815 3919 915 3970 rationi
936 3917 1087 3978 reluctans,
1113 3923 1157 3966 ut-

70 4011 121 4064 que
138 3993 270 4064 Septimii
289 3993 378 4046 indoti
395 3992 475 4044 vaide
494 3991 716 4054 accomodatum,
742 3989 822 4044 atteri
841 3989 877 4043 ob
896 3987 973 4046 MSS.
1000 3984 1108 4038 duobus
1126 3985 1156 4038 in

70 4065 134 4120 rou·
156 4079 323 4117 eonsensum
341 4063 437 4118 cedere
454 4079 511 4115 ‘uon
535 4061 625 4114 debet.

136 4153 168 4190 re
186 4151 266 4206 coges.
287 4135 422 4258 Prr'nmgd
436 4135 488 4256 iigc
505 4133 649 4277 perbprrpp
664 4131 735 4253 ¹greio
758 4137 800 4184 est
824 4131 856 4183 in
879 4126 959 4180 tibris
985 4125 1068 4190 meis,
1096 4137 1152 4178 nou

427 4243 430 4253 .
475 4221 503 4256 ra
542 4221 651 4258 tnests
681 4215 740 4255 rost.

3 4233 4 4254 r
70 4207 112 4262 rr.
132 4225 165 4260 re
184 4223 264 4276 cogn.
300 4207 365 4259 Mor
1081 4267 1086 4276 Ι

136 4277 310 4347 confirmari)
348 4275 488 4346 Wopkens
514 4289 541 4344 p.
553 4291 593 4330 ar.
613 4277 705 4329 uescio
725 4271 797 4326 unde
818 4270 917 4326 extulit
928 4267 1152 4341 confirmareque.
