2698 4688
492 393 688 444 efflatio.

77 591 146 642 utore
164 603 179 640 a
198 579 359 664 Wegelino
377 581 487 642 iuvene
502 579 700 663 sangallensi.
723 577 908 661 Plerumque
922 578 1040 642 eundem
1055 601 1143 662 prae-

82 697 122 758 bet
137 697 287 776 lectiones,
309 717 386 779 quos
408 695 486 757 Cod.
511 695 715 778 Sungnllnsis
742 715 804 758 seo.
827 695 890 770 lx,
927 699 958 756 in
986 697 1144 779 permultis

81 824 162 874 temen
191 813 227 874 ad
254 813 333 874 Cod.
360 813 540 874 Beruensern
572 811 705 874 accedit:
737 822 772 871 ut
800 812 887 892 quasi
918 810 1042 874 fluctuet
1065 815 1144 879 inter

80 939 231 1010 utrumqne,
273 927 471 989 Adscribitnr
492 925 600 1000 seculo·
613 927 686 989 XV.

147 1043 199 1103 Ν.
239 1041 368 1124 Aliquot
393 1053 514 1104 centum
542 1063 561 1101 a
591 1061 640 1102 me
665 1040 804 1102 instituta
830 1039 966 1104 locorum
999 1041 1141 1120 collatio,

81 1179 143 1240 qun
170 1161 199 1221 iu
229 1161 462 1221 Commentariis
489 1157 649 1236 oduarius
666 1158 822 1239 scriptores
843 1178 878 1218 ex
901 1157 989 1220 MSS.
1009 1159 1145 1242 Septimii

81 1273 213 1354 protulere
232 1276 291 1336 viri
306 1275 404 1350 docti,
423 1277 599 1357 praesertim
614 1272 852 1356 Oudendorpius
870 1283 901 1334 et
920 1273 1073 1356 Heinsius,
1095 1275 1147 1339 ille

82 1409 109 1448 ex
135 1389 430 1458 dissuescamus
455 1391 494 1452 ed
524 1387 710 1473 Apuleium,
737 1389 938 1469 Suetonium,
969 1389 1144 1472 Caesarem,

82 1503 211 1568 l'ellrinm
229 1506 443 1582 Patercolnm,
477 1505 526 1568 hio
549 1527 585 1567 ex
605 1515 722 1569 vetusto
743 1527 799 1568 suo
820 1505 897 1588 Cod.
919 1505 957 1566 ad
980 1505 1145 1587 Ovidium,

82 1619 242 1704 Virgilium,
262 1622 425 1685 Velleium.

150 1737 267 1802 Praeter
292 1739 430 1820 eodioes,
466 1739 612 1802 editiones
641 1739 732 1802 etiem
759 1739 891 1823 potiores
919 1739 1146 1806 oonsuloimnaz

81 1873 191 1935 quarum
212 1857 309 1938 primo
328 1855 396 1918 loeo
417 1854 556 1938 ponenda
577 1866 623 1918 est
1076 1915 1082 1924 .

154 1993 178 2033 ι.
218 1971 325 2034 Eetion
351 1973 515 2058 Princeps,
546 1971 655 2034 Colon.
694 1969 771 2056 1470
790 2003 830 2020 -·
859 1971 937 2056 1475
966 1973 1071 2055 (Ebert
1091 1975 1145 2035 N0.

82 2089 169 2172 5779).
207 2089 334 2151 Diversa
354 2109 390 2149 ea
410 2099 455 2150 est
475 2088 515 2150 ab
534 2087 596 2150 Ed.
621 2087 763 2171 Principe
783 2091 959 2171 posteriore,
980 2113 1059 2174 quoe
1080 2091 1148 2154 Mo·

82 2203 178 2266 dioleni
200 2205 309 2287 prodiit
328 2225 381 2266 an.
405 2201 502 2288 1477,
527 2214 558 2265 et
575 2205 609 2264 io
629 2203 775 2266 Obreohti
790 2202 930 2265 manibus
947 2203 1018 2267 luit.
1057 2205 1149 2268 Duae

81 2312 161 2397 igitur
185 2331 252 2382 sunt
272 2320 409 2404 Diotyis,
439 2329 475 2382 ut
494 2316 625 2381 aliorum
644 2339 766 2402 qnoque
785 2330 923 2381 veter-run
945 2321 1146 2402 scriptorum.

82 2433 150 2500 Edd.
170 2437 344 2521 Principes,
374 2457 487 2519 eaeque
505 2435 552 2496 sui
572 2437 646 2497 iuris
667 2445 698 2498 et
719 2456 753 2497 ex
774 2434 903 2497 diversis
925 2435 1020 2497 Codd.
1050 2437 1150 2518 prole·

81 2559 148 2610 ctae.
184 2551 274 2614 Abest
289 2575 308 2614 a
327 2573 395 2614 mee
408 2551 469 2613 Ed.
480 2553 584 2613 Prion.
604 2550 740 2633 Epistola
754 2553 947 2628 dedicatoria,
971 2575 988 2612 a
1001 2553 1039 2612 L.
1051 2553 1150 2634 Septi-

81 2667 136 2724 mio
159 2667 193 2727 ed
219 2669 260 2747 Q.
292 2669 441 2731 Aradium
470 2669 582 2750 scripta
614 2679 644 2729 et
671 2667 868 2750 Ephemeridi
896 2667 1036 2748 praefixe.
1091 2669 1150 2729 Vel

83 2777 151 2840 hoec
171 2801 231 2854 res,
262 2793 353 2865 atque
376 2782 482 2858 omnis
510 2781 672 2842 lectionum
695 2783 844 2858 varietus,
866 2783 998 2862 quaein
1019 2793 1152 2864 utreque

81 2893 137 2955 Ed.
150 2897 254 2958 ‘Prino-
274 2897 524 2982 deprehenditur,
544 2899 648 2982 cogit,
670 2911 705 2960 ut
721 2897 797 2960 duos
815 2897 1035 2982 distinguamus
1047 2901 1149 2962 diver-

81 3027 121 3070 tes
138 3012 212 3074 inter
232 3035 264 3073 se
283 3013 422 3076 codicum
443 3012 580 3096 Septimii
602 3011 741 3074 familias.
783 3013 854 3074 Mea
873 3012 935 3074 Ed.¹
956 3015 1059 3076 Prino.
1081 3015 1150 3098 plu·

83 3127 175 3188 rimam
193 3129 284 3190 lrabet
303 3127 530 3190 similitudinem
553 3149 623 3188 ounr
643 3127 718 3189 Cod.
741 3127 978 3210 Argentinensi,
999 3151 1061 3212 quo
1079 3151 1152 3192 usus

82 3253 118 3302 est
136 3244 314 3308 Obreehtns.
358 3243 495 3308 Contulit
517 3265 584 3309 eam
606 3245 724 3320 Orellio
747 3255 869 3310 auctore
883 3247 1017 3310 Wirniua
1033 3249 1153 3312 iuvenis

82 3355 246 3424 Turicensis.

151 3495 180 3536 a.
222 3477 329 3539 Enni>
349 3477 563 3558 Croamnm,
589 3475 680 3540 Basil.
697 3497 747 3542 eu.
769 3475 858 3562 ¹5²9·
873 3477 906 3540 8.
947 3475 1058 3540 Differr
1076 3477 1151 3541 liaeo

83 3587 161 3649 editio
192 3613 253 3652 uon
283 3594 342 3654 nisi
373 3593 473 3676 porris
500 3596 532 3656 in
559 3594 649 3656 rebus
678 3591 718 3654 nb
745 3591 806 3656 Ed.
837 3593 953 3654 Veneto
974 3615 1025 3654 nn.
1052 3597 1150 3677 1499,

84 3721 148 3779 qnae
172 3707 300 3770 fideliter
325 3731 432 3772 neusa
462 3721 507 3771 est
535 3731 570 3770 ex
595 3709 727 3772 editione
754 3709 958 3772 oFrencisco
979 3709 1150 3794 Faragonio

85 3831 172 3883 canu
189 3824 325 3886 venetiis
343 3847 393 3890 an.
421 3825 510 3906 1486.
534 3825 565 3906 4.
605 3825 803 3887 Cratandrina
824 3837 962 3899 uoentur‚
984 3829 1055 3909 quie
1076 3827 1154 3907 Cru-¹

88 3937 169 3998 nadrt
196 3941 278 4022 typis
302 3941 410 4024 podiit.
442 3943 535 4036 ‘lluic
558 3945 704 4025 originem
728 3945 808 4005 inter
834 3941 908 4004 alias
930 3941 1041 4004 debent
1067 3940 1151 4004 Edd.

90 4049 247 4118 luterum
268 4060 465 4140 posteriores‚·
490 4061 520 4120 iu
539 4057 588 4122 his
609 4081 675 4137 ene,
696 4081 774 4143 quae
795 4081 829 4120 er
847 4057 966 4119 officina
986 4057 1154 4140 Herniepe·

90 4175 153 4232 lime
180 4175 275 4238 exime
305 4196 357 4238 au.
387 4150 799 4264 1559etau215582f01,
825 4173 949 4236 Diodori
970 4173 1084 4250 Siculi,
1115 4191 1152 4234 ex
