2766 4690
409 415 681 471 omnesomnes
706 419 743 470 ss
767 419 831 469 cio.
860 419 899 470 ιι.
1122 395 1194 469 419

103 599 186 664 hartel
211 604 414 682 nominator,
436 627 538 667 sermo
559 617 659 668 utitem
683 606 721 668 de
742 625 777 670 eo
791 605 825 674 ll.
839 607 928 672 XVI.
950 625 1019 691 7¹7·
1045 639 1082 653 —
1107 605 1197 668 meriti

103 703 250 764 monnica
269 735 310 752 -
331 703 456 790 dispari
471 727 541 767 sono
561 708 652 785 nocis]
702 707 748 770 Ex
771 705 809 768 ll.
831 709 872 770 ll.
895 705 967 769 803.

185 803 333 869 xxxvl.
356 807 497 886 magistro
515 817 806 892 acpracceptore—
822 807 986 888 Mnestheo)
1004 803 1194 868 Philostrato

104 895 229 966 lieroic.
243 903 283 964 Il.
305 925 336 986 p.
365 902 440 990 689.
471 905 651 968 Mnestheus
674 917 719 968 est
738 901 965 978 contrairetur
983 905 1046 967 τῶν
1067 903 1194 982 βασιλέ-

102 1019 165 1079 οον;
190 1001 318 1064 Tzctzae
339 1003 370 1064 in
385 1001 489 1066 Schol.
512 1004 553 1066 ad
565 1005 723 1072 Posthom.
736 1004 787 1090 ⁸7·
809 1003 931 1067 πάντων
945 1002 1125 1086 ἀνθρώπων
1142 999 1194 1064 in-

103 1091 297 1178 ιιιιιοὶιαιοςς
322 1103 353 1163 iu
373 1103 482 1188 Epigr.
511 1105 593 1187 apud
611 1105 747 1171 Brunch.
770 1104 861 1172 ΑιιιιΙ.
883 1105 921 1169 T.
943 1108 966 1171 l.
990 1125 1021 1188 p.
1046 1105 1111 1188 178.
1136 1125 1194 1164 τοι·

101 1195 226 1277 estolae
246 1199 351 1282 luein
379 1201 454 1266 ibid.
474 1205 511 1267 T.
536 1206 591 1267 ΙΙΙ.
609 1226 638 1288 p.
662 1206 730 1272 181.
752 1203 886 1266 Δαναῶν
907 1198 1064 1286 κοσμηιὴρ
1087 1199 1193 1283 μα’χης

101 1293 160 1358 eui
192 1299 345 1377 πολέμου.
389 1301 492 1364 Fluxit
518 1303 596 1366 hoec
618 1305 684 1366 laus
705 1325 739 1366 ex
761 1303 854 1368 liom.
879 1304 1078 1373 lt.11.553.
1102 1325 1194 1388 quem

103 1401 236 1479 respexit
255 1399 348 1462 etiam
368 1399 527 1468 Plutarch.
549 1403 644 1471 Thes.
664 1426 692 1466 c.
715 1405 766 1469 55.

181 1521 240 1583 per
258 1512 359 1580 gentes
378 1521 415 1562 ne
434 1505 566 1586 regiones
587 1505 738 1586 singulas)
779 1504 848 1564 Non
870 1503 1027 1568 Mnestheo
1048 1505 1192 1588 megistos

100 1593 164 1657 hoc
187 1599 222 1662 lit
242 1599 323 1683 apud
340 1601 522 1682 Homerum,
544 1604 597 1666 sed
622 1604 845 1690 Agamemnoni
870 1603 960 1665 huius
980 1604 1053 1665 acici
1076 1605 1191 1666 instru-

104 1699 203 1760 endae
237 1700 365 1764 radonis
400 1713 569 1764 auctorest
589 1705 729 1785 Nestor,
758 1701 869 1786 quill.
893 1706 929 1766 ll.
956 1703 1028 1765 562.
1051 1705 1092 1766 sic
1115 1702 1192 1764 allo-

101 1801 211 1883 quitur
230 1799 508 1883 Agamemnonem:
531 1799 624 1884 Korn*
645 1791 764 1888 ἄνδρας
780 1799 859 1864 κατὰ
883 1803 990 1885 φῦλα,
1011 1799 1089 1864 κατὰ
1111 1797 1192 1886 ‹ppi-

98 1921 200 1984 τρας.
231 1895 450 1981 Ἀγάμεμνον.
477 1895 532 1976 Ὡς
552 1898 677 1985 senso
699 1893 883 1986 ostreno
903 1897 1023 1988 doto.
1044 1903 1133 1983 οὖλα
1155 1901 1192 1964 δὲ

99 1997 226 2088 φύλοις.
268 2001 316 2062 De
334 2001 465 2064 Nestore
486 2003 634 2064 Philostr.
658 2001 732 2068 lior.
754 2004 812 2069 lli.
835 2024 867 2085 p.
889 1999 962 2084 696.
977 1993 1130 2081 ααιιτιιιὴυ
1144 2019 1190 2078 ss,

97 2091 201 2181 sindon
219 2094 412 2163 tutorem
434 2097 492 2164 eui
510 2099 629 2179 innon,
661 2092 776 2182 ἄριστα
799 2097 838 2182 δὴ
871 2093 1048 2180 ἀνθρώπων
1079 2095 1192 2180 γιγνώ-

98 2221 196 2268 σιιιον.
239 2200 378 2264 inferior
402 2211 503 2264 mmeu
524 2205 556 2264 io
577 2202 636 2264 hac
656 2211 723 2264 erte
743 2209 812 2264 erat
835 2199 1014 2276 Mnestheo,
1037 2200 1130 2262 Hom.
1153 2199 1188 2263 ll.

96 2301 138 2364 il.
159 2299 231 2364 555.
254 2299 294 2362 ol'.
331 2301 483 2363 Obrecht.

183 2403 324 2463 maxone
339 2401 530 2484 indignante,
547 2399 630 2486 qnod
648 2401 720 2480 oet.)
761 2399 860 2482 Igitur
879 2398 954 2462 hoec
968 2400 1111 2482 princepe
1131 2399 1189 2460 init

101 2497 233 2562 Achillis
255 2501 320 2563 isse
344 2523 459 2578 eausa,
481 2502 633 2562 abstracta
657 2509 761 2562 autem
786 2499 991 2582 Hippodamia
1011 2502 1114 2560 sociat
1135 2500 1193 2558 Di-

96 2607 167 2684 ctys
185 2599 329 2664 videlicet
345 2599 430 2664 haud
450 2605 522 2663 setis
541 2601 668 2684 probam
687 2621 722 2663 ex
740 2600 878 2662 narratis
896 2596 1009 2661 Achilli
1029 2599 1120 2660 fuisse
1138 2619 1189 2659 so·

98 2701 217 2762 cietatis
229 2701 301 2764 helli
316 2701 497 2764 deserendae
513 2723 634 2763 causam
645 2701 709 2784 ipse
717 2701 861 2778 sentiens,
874 2699 1022 2760 utiustem
1039 2700 1118 2760 iram
1131 2721 1188 2760 no-

98 2801 146 2862 bis
170 2801 359 2883 persuadeat,
380 2801 517 2863 cumulet
538 2821 662 2879 causes3
682 2800 817 2882 ideoque
836 2811 972 2861 exortum
993 2799 1064 2860 olim
1088 2800 1188 2860 inin·

97 2899 165 2960 sule
185 2899 313 2962 Tenedo
347 2902 388 2962 oh
421 2922 547 2962 coenam
571 2899 652 2961 inter
682 2901 941 2982 Agamemnonem
973 2909 1004 2962 et
1035 2897 1187 2959 Achillem

97 2999 259 3062 dissidium
282 2999 346 3061 huc
366 2999 483 3062 trahite
508 3001 594 3060 cuius
617 2999 735 3061 dissidii
756 3021 792 3060 ex
813 2999 934 3083 Cypriis
955 3001 986 3058 in
1008 2997 1110 3058 Procli
1135 3017 1188 3058 ex·

96 3100 214 3182 cor-ptis
236 3103 350 3163 mentio
374 3101 409 3162 fit
421 3101 479 3162 hoc
501 3123 599 3162 neni:
615 3089 744 3162 Ἔπειτα
767 3098 994 3161 καταπλέουσιν
1026 3093 1071 3168 εἰς
1095 3093 1188 3158 Tire·
1278 3115 1281 3124 ¹

96 3197 162 3266 δον.
205 3197 262 3262 καὶ
281 3197 508 3280 εὐωχουμένων
527 3190 636 3261 αὐτῶν
650 3192 840 3279 Φιλοκτήτης
860 3194 917 3280 ὑφ’
940 3189 1041 3278 ὕδρου
1062 3193 1188 3277 πληγεὶς

96 3291 152 3357 διὰ
184 3289 242 3380 sin
270 3297 446 3378 δυσοσμίαν
476 3297 510 3360 εὐ
541 3293 663 3384 Λήμνῳ
692 3295 893 3380 κατελείφθη.
946 3289 1000 3358 teni
1017 3288 1188 3375 ’Ἀχιλλεύς

94 3385 231 3478 ὕστερον
260 3397 387 3480 κληθεὶς
417 3397 602 3482 διαφέρεται
634 3391 715 3480 πρὸς
739 3379 1018 3476 Ἀγαμέμνουαμῆ
1028 3393 1126 3475 Magis
1146 3393 1187 3454 ed

93 3495 214 3580 Dictyis
246 3500 437 3560 narrationis
468 3494 701 3560 similitudinem
734 3499 820 3558 istius
848 3497 987 3560 meminit
1007 3483 1188 3556 Alistotelrs

94 3593 189 3656 Rhct.
210 3595 250 3662 ll.
279 3597 330 3678 ud.
356 3597 423 3660 tus
461 3593 515 3658 tut
537 3591 599 3677 reip
619 3591 655 3659 ed
674 3589 718 3677 μῆ
743 3595 899 3678 κληθῆναι
919 3589 988 3678 (ἐπὶ
1006 3591 1146 3673 octavos)
1167 3585 1185 3652 8

93 3689 273 3774 ’Apelleis
291 3693 420 3779 ἐμήνισε
440 3703 504 3770 τοῖς
525 3697 669 3776 Ἀχαιοῖς
689 3693 723 3756 ir
749 3695 882 3782 Τενέδῳ.
924 3685 1110 3755 intellexisse
1131 3713 1187 3754 no·

92 3803 159 3856 stes
177 3795 322 3877 videtur,
352 3793 476 3859 vincula
497 3797 555 3858 sihi
577 3795 784 3875 obstruxisse,
819 3793 967 3880 equibus
988 3801 1022 3852 ut
1044 3813 1076 3853 sc
1098 3805 1185 3872 expe·-

97 3891 205 3972 diret,
230 3894 321 3957 aliam
354 3897 521 3958 novitatem
554 3893 736 3957 introduxit.
779 3895 948 3956 Audiemus
970 3893 1048 3953 enim
1074 3911 1100 3956 e.
1124 3885 1183 3963 5ο,

92 3991 271 4068 Achillem,
303 4001 356 4080 qni
388 3995 469 4079 apud
494 3999 662 4058 Homerum
693 4003 761 4078 post
782 3994 905 4055 caedem
927 3993 1049 4054 demum
1073 3993 1183 4052 Patro-

92 4091 132 4154 cli
152 4091 231 4156 iram
259 4100 355 4177 ponit,
376 4106 408 4156 et
427 4099 513 4158 sinici
540 4107 670 4157 mortem
692 4093 813 4154 ulturus
833 4097 865 4154 in
886 4091 1035 4175 proelium
1056 4091 1183 4150 descen·

93 4191 157 4271 dit,
182 4193 242 4255 iam
268 4206 339 4256 ante
351 4195 485 4256 Patrocli
510 4217 613 4258 siccem
636 4199 827 4257 Graecorum
849 4192 993 4275 precihus
1013 4189 1121 4250 flexum
1142 4188 1182 4250 ad

92 4291 170 4356 helli
206 4299 389 4360 societatem
422 4295 557 4361 rediisse.
611 4293 705 4375 Quod
725 4293 849 4378 quidem
869 4294 982 4378 lingere
1005 4289 1111 4377 Dictys
1131 4287 1185 4352 de·
