2698 4688
593 100 604 154 ,
731 98 744 119 .

499 347 699 402 murmo-
812 362 817 371 ·
1109 349 1148 404 ll

86 545 229 622 historicis,
243 541 395 604 mancis
407 540 546 621 aliisque,
559 556 594 599 ea
608 546 734 600 restaret
748 533 862 616 fabula,
875 527 1075 600 cui'insistere
1092 557 1148 620 po-.

87 664 181 734 tuerit,
198 677 342 742 purusque
358 655 508 740 (proiecto
528 655 559 716 in
581 653 684 716 multis
697 673 793 736 purus
813 653 883 732 fuit)
904 654 1052 716 viseretur
1066 654 1146 736 lons,

87 775 158 838 node
182 773 340 836 turbulenti
370 771 463 834 rivuli
490 773 654 833 manarint.
696 769 817 832 Etenim
838 789 935 853 esuum
953 770 1060 853 Dictys
1079 789 1150 852 per·-

86 913 162 974 nepe
175 889 295 974 cyclicos
318 899 424 973 poetas
442 887 483 950 ob
503 886 608 950 oculos
628 885 792 965 babuerit,
816 885 873 948 bac
889 907 924 948 ex
936 907 970 948 re
985 885 1061 949 lucri
1074 885 1151 970 quid

85 1008 161 1092 cyclo
185 1007 287 1068 Troico
317 1006 488 1089 comparari
515 1003 695 1088 cogitabam.
736 1005 851 1087 Accipe
869 1004 962 1069 Olus.
981 1025 1062 1066 meas
1081 1013 1150 1068 tan·

86 1143 167 1208 quart
187 1135 321 1186 conatum
340 1123 483 1200 bominis,
507 1123 560 1208 qui
579 1143 642 1186 noa
661 1132 781 1184 tanturn
800 1121 858 1184 sibi
876 1122 995 1201 tribuit,
1015 1133 1051 1183 ut
1070 1121 1151 1184 mul·

84 1245 142 1304 iura
167 1263 197 1305 se
217 1240 328 1304 difficili
355 1243 388 1303 in
414 1261 447 1304 re
472 1241 631 1325 proiecisse
658 1249 756 1324 putet.
808 1237 890 1301 lllud
910 1221 1055 1302 maximas
1075 1237 1152 1300 milri

87 1359 210 1440 praebuit
226 1357 386 1436 molestias,
407 1357 490 1442 qnod
509 1355 639 1419 necdum
661 1358 822 1441 quisquam
841 1356 900 1420 boc
928 1359 961 1418 in
988 1377 1021 1418 se
1040 1353 1153 1420 laboris

87 1479 212 1560 msoepit,
232 1487 267 1538 ut
288 1487 473 1556 accuratam,
497 1472 598 1558 quoad
614 1495 649 1536 ex
665 1485 803 1536 veterum
818 1471 954 1558 reliquiis
966 1472 1031 1534 fleri
1045 1485 1155 1557 potue*

88 1595 132 1668 rit,
144 1593 289 1656 historiam
302 1594 578 1676 antiquissimarum
593 1591 773 1654 Troicarum
792 1589 964 1654 fabularum
990 1609 1154 1674 earumque

89 1709 209 1792 donoeps
227 1711 455 1793 corruptionum
478 1707 670 1770 describeret.
712 1707 832 1770 Furiaii
858 1711 939 1770 enim
957 1707 1155 1787 Quaestiones

88 1823 121 1886 de
132 1823 276 1888 Varietate
287 1824 476 1887 Fabularum
497 1825 676 1886 Troicarurn
697 1822 805 1888 Colun-
827 1845 877 1890 an.
902 1823 989 1886 1830.
1011 1825 1080 1906 quis
1093 1822 1158 1909 huc¹

89 1945 216 2005 nexuit?
255 1945 291 2004 ln
311 1943 366 2005 tali
386 1943 498 2006 scilicet
520 1943 664 2021 historia,
684 1961 755 2003 curu
775 1941 815 2002 ad
835 1939 959 2023 antiqua
979 1961 1097 2023 semper
1116 1942 1156 2012 sit

90 2057 297 2138 recurrendum,
319 2080 422 2140 nemo,
437 2059 585 2142 siquidem
599 2055 714 2120 fabulas
734 2059 882 2120 invertere
900 2055 990 2140 nolit,
1007 2057 1157 2141 principes

91 2185 176 2255 parter
196 2175 306 2238 tribuet
326 2175 440 2261 Dictyi.

161 2292 262 2356 Unum
292 2292 423 2378 denique
449 2293 708 2378 praemonendum
735 2303 837 2356 restat.
886 2289 1008 2357 Scilicet
1030 2313 1069 2354 ne
1089 2292 1157 2376 quis

93 2406 199 2472 badum
221 2431 356 2474 errorem
383 2414 535 2490 incurrat,
564 2423 600 2475 nt
617 2415 651 2475 in
671 2413 764 2476 Obss.
786 2412 867 2481 Hist.
888 2413 930 2474 ob
952 2433 1056 2475 rerum
1074 2410 1158 2474 mul·

93 2533 177 2589 burm
199 2527 423 2592 similitudinem
451 2529 575 2592 Fuchsii
601 2551 651 2594 me
671 2531 869 2611 Quaestiones
888 2533 921 2592 in
944 2553 1034 2594 usum
1055 2551 1157 2594 meum

93 2649 255 2709 maratisae
285 2649 360 2731 quin
380 2647 471 2708 etiam
490 2649 602 2731 passim
622 2644 764 2730 expilasse
784 2650 925 2722 somniet,
951 2646 1001 2708 hic
1021 2645 1080 2710 loci
1099 2666 1158 2706 au·

93 2758 183 2824 diatnr
198 2763 318 2844 dietum,
339 2785 422 2828 meas
442 2765 556 2842 Obss.,
579 2766 754 2849 priusquam
774 2763 899 2825 Fuchsii
920 2759 1039 2825 libellus
1059 2759 1158 2824 lucem

92 2879 240 2959 aspiouet,
266 2881 383 2943 dadum
401 2880 554 2944 absolutas
577 2881 679 2944 firisse.
722 2881 809 2959 Quae
829 2877 937 2941 collata
957 2889 988 2940 et
1007 2877 1158 2961 disputata

91 2993 179 3068 vider,
209 3017 312 3060 eorum
340 2997 471 3082 plurima
497 2997 600 3081 paucis
619 2997 711 3059 modo
733 2997 867 3060 numeris
887 2995 1006 3058 diversa
1025 3005 1097 3060 sunt
1118 2995 1158 3056 ab

91 3111 130 3188 lit,
147 3135 220 3196 quae
239 3118 350 3198 quinto
368 3116 481 3177 abhinc
504 3136 585 3177 anno
606 3115 768 3178 Nisbubrr'o
787 3114 985 3195 tradideram,
998 3117 1055 3177 nisi
1074 3115 1158 3199 quod

89 3225 212 3294 brevitati
232 3232 341 3296 luerim
354 3233 531 3314 studiosior,
553 3243 583 3295 et
602 3232 698 3295 multa
716 3232 806 3296 aliter
818 3215 1032 3298 'ordinaverim
1050 3243 1081 3295 et
1095 3233 1159 3296 dis-

90 3351 235 3425 posuerim.
277 3349 455 3433 Permulta,
474 3349 594 3434 utrique
607 3362 744 3413 nostrum
771 3354 942 3413 communia
965 3341 1088 3430 (scilicet
1105 3369 1158 3414 ea·

89 3461 146 3526 dem
177 3468 287 3551 mique
313 3467 430 3530 bomini
446 3445 576 3552 'praesto
602 3479 675 3531 sunt
705 3469 888 3553 scriptorum
914 3471 1100 3533 Graecorum
1128 3479 1160 3530 et
1288 3545 1291 3554 1

90 3577 282 3648 bumanorum
301 3587 533 3673 monumenta),
564 3607 649 3650 ame
669 3599 770 3650 auteur
792 3587 853 3652 alio
875 3607 937 3672 quo
958 3587 1050 3650 modo
1070 3607 1158 3670 erpe-

90 3695 151 3782 dita,
169 3703 284 3765 intacta
307 3703 438 3787 reliqui:
460 3703 531 3782 alia,
552 3727 631 3789 quae
651 3705 809 3768 minusad
828 3707 941 3790 Dictyn
952 3705 1156 3790 pertinebant,

89 3811 190 3903 deleri,
211 3833 243 3884 et
264 3821 431 3885 Fuchsium
449 3822 581 3886 conferri
601 3822 698 3885 iussi:
719 3826 829 3884 omissa
850 3841 868 3884 a
887 3843 957 3898 me,
986 3822 1025 3886 ad
1045 3821 1159 3903 Dictyn

90 3927 285 3999 limandum
313 3941 499 4014 necessaria,
527 3962 546 4000 a
576 3939 708 4002 Fuchsio
729 3951 830 4003 autern
853 3940 1018 4024 explicata,
1047 3957 1082 4000 er
1099 3935 1175 3999 boe'

90 4049 126 4110 'tl
149 4055 291 4139 adseripsi
321 4057 425 4120 addito
453 4060 594 4136 nomine,
625 4059 672 4120 vel
694 4057 733 4120 ad
754 4079 823 4122 eum
841 4060 977 4122 converti
1000 4054 1154 4119 lectorem.

91 4165 163 4244 lluod
187 4173 230 4234 ob
250 4171 278 4232 F
281 4173 373 4236 uchsii
395 4171 531 4236 libellum
554 4173 646 4236 Obss.
669 4195 749 4236 mens
775 4195 836 4236 non
858 4174 1033 4246 retractavi,
1067 4171 1159 4234 iruius
