2766 4690
411 327 683 380 oesmvsrrours
708 331 745 383 ru
772 332 835 382 nte.
856 331 879 382 1.
1117 313 1190 386 395

186 516 293 580 Praese
315 517 411 602 igitur
431 527 462 580 et
483 517 516 579 in
531 518 656 580 navium
671 517 844 603 ducumque
859 539 989 582 numero
1013 519 1121 604 Dictys
1142 543 1191 584 se·

101 619 210 702 quitur
229 619 415 695 Homerum,
440 618 496 680 nisi
520 617 603 702 quod
623 617 714 680 huius
735 618 875 694 ducibus,
898 639 1028 702 quorum
1051 629 1192 703 praeter·

99 719 183 778 misit
205 721 373 793 nerninem,
396 717 489 780 addat
511 717 751 795 Thessandrum,
773 719 908 801 Epeom,
934 719 1097 802 Mopsum,
1119 717 1191 784 Cal·

100 817 258 884 chantem.
306 817 432 880 Malelas
461 819 493 879 in
524 818 663 902 catalogo
682 839 714 880 se
735 819 851 902 Dictyo
871 821 957 901 sequi
982 822 1190 902 pronuntiaty

99 915 169 980 silet
190 927 293 980 umen
315 916 594 1001 Amphimachum,
617 917 829 1002 Polyaenum,
859 920 1072 1002 Eurypylum,
1094 920 1192 982 Thes-

100 1018 273 1092 sandrum,
295 1017 449 1101 Mopsum,
472 1017 608 1100 Epeum.
632 1017 751 1080 Eorum
772 1028 875 1080 autem
898 1017 966 1082 loon
987 1029 1031 1081 est
1052 1021 1194 1103 Tetrthis,

99 1119 175 1202 qui,
205 1117 362 1180 Arcadum
391 1119 577 1202 imperator,
608 1117 699 1180 etiam
727 1119 899 1182 aPausan.
920 1120 1007 1182 Vlll.
1032 1121 1080 1183 28.
1110 1123 1193 1184 inter

99 1217 195 1280 duces
215 1218 365 1280 refertur:
390 1217 444 1279 sed
464 1217 592 1280 Troiam
617 1217 701 1280 haud
730 1220 886 1302 proiectus
910 1227 956 1280 est
983 1221 1023 1280 ob
1053 1243 1192 1303 praema-

102 1325 229 1396 turam,
264 1337 357 1400 wem
390 1315 505 1379 Aulide
535 1320 686 1399 oppetiit,
707 1327 856 1380 mortem.
906 1319 1119 1394 Palamedem,
1142 1323 1193 1384 cui

103 1416 266 1478 duodecim
298 1437 391 1479 naves
420 1417 530 1479 tribuit
552 1417 688 1496 Malaios,
713 1421 808 1480 miror
828 1418 913 1502 quod
934 1415 1040 1504 Dictys
1059 1432 1196 1504 praeter-

101 1517 180 1584 ierit.
232 1517 630 1601 NominaturEurip.lph.
654 1518 817 1602 Aut.198.
856 1519 938 1580 Eum
959 1541 1059 1602 neque
1083 1543 1195 1590 navem

99 1618 260 1682 adduxisse
270 1619 395 1681 Troiam
416 1641 516 1704 neque
539 1620 651 1696 vlrum,
673 1641 781 1682 verum
804 1641 865 1680 una
890 1621 998 1704 cymba
1021 1643 1091 1682 cum
1115 1624 1195 1684 Oca-

100 1739 136 1780 ce
166 1719 260 1780 fratre
292 1719 466 1801 navigasse,
498 1718 601 1801 prodit
623 1717 767 1786 Philostr.
789 1719 912 1783 lleruic.
930 1721 971 1785 X.
998 1742 1044 1788 ro.
1067 1743 1100 1804 p.
1123 1720 1195 1805 715.

100 1819 204 1880 Rarus
226 1819 342 1904 Hygini
362 1841 431 1880 cum
446 1819 581 1880 Homero
605 1827 636 1882 ct
657 1820 769 1903 Dictye
791 1841 968 1895 cousensus,
993 1829 1114 1904 practer
1136 1841 1196 1884 nu-

102 1939 265 1980 merorum·
292 1939 432 2002 magnam
462 1919 669 1980 diversitatem
703 1919 929 1982 introducentis
948 1923 1074 2002 iusuper
1094 1921 1197 2004 Eury·

103 2017 216 2097 chum,
237 2017 485 2097 Amaruoceum,
508 2019 663 2102 Cycnum,
685 2019 876 2102 Leophiten,
899 2020 1038 2082 Phocum
1060 2021 1193 2081 archite-

104 2127 208 2193 ctum,
229 2117 420 2202 Diaphomm
444 2118 586 2188 iudicem.
634 2119 761 2182 Nemini
792 2121 930 2204 Eutychi
951 2142 1022 2183 cum
1042 2120 1199 2203 Euripidis

105 2218 189 2300 (lph.
212 2217 284 2284 tul.
304 2217 396 2304 282.)
433 2221 555 2304 Euryto
585 2241 696 2303 magna
723 2219 915 2309 similitud03
944 2219 998 2284 sed
1033 2221 1198 2305 Eurychus

104 2318 219 2402 Hygini
242 2327 290 2381 est
309 2318 457 2403 Argivus,
477 2321 633 2403 Euripidis
647 2321 788 2405 Eurytus
808 2321 910 2382 Elius.
954 2321 1052 2382 Dares
1079 2319 1198 2384 Home-

62 2438 65 2448 ·
106 2419 243 2480 rioorum
276 2419 392 2482 ducum
418 2421 520 2483 omisit
550 2421 735 2500 nonnullos3
764 2443 879 2483 novum
900 2419 986 2483 addit
1002 2419 1144 2500 nullum3
1166 2428 1199 2482 ct

105 2519 139 2580 in
174 2522 299 2582 navium
333 2541 461 2583 numero
489 2520 649 2606 aliquoties
680 2522 844 2608 discrepat.
890 2523 1020 2586 Henrici
1051 2541 1119 2604 cap.
1142 2521 1197 2582 32.

104 2623 182 2682 mira
216 2620 331 2686 ducum
363 2625 506 2703 nomina,
540 2625 670 2706 exceptis
691 2643 769 2708 qtroe
791 2625 851 2684 iam
873 2621 1198 2699 commemoravimus,

103 2730 179 2782 suut
199 2719 291 2784 haec:
326 2723 494 2803 „Astolnus
524 2723 590 2784 und
610 2724 723 2807 Alym,
744 2744 828 2807 avvey
849 2745 950 2807 grosse
974 2723 1110 2804 lierzoge
1133 2743 1196 2782 von

104 2819 320 2905 Tumenigen,
343 2821 470 2886 liihrten
488 2823 625 2886 huodert
645 2822 766 2886 Selrille.
787 2823 971 2886 Aniriachus
991 2843 1052 2881 von
1075 2821 1195 2882 Derion

103 2921 170 2982 uod
190 2921 311 3004 Herzog
336 2922 475 2984 Theseus
496 2923 641 2992 huodert.
683 2919 817 2999 Rosius,
840 2922 920 2983 Grai
937 2943 998 2984 von
1020 2917 1195 3002 Tigerland,

104 3022 247 3105 awanoig.
290 3025 460 3099 Portutus,
483 3025 534 3086 eiu
554 3023 640 3088 edler
659 3023 763 3103 Herr,
784 3021 859 3107 drey
876 3021 941 3084 und
962 3020 1101 3105 dreissig.
1132 3019 1199 3082 Der

105 3121 204 3184 Fitrst
222 3123 389 3190 Wachoon
419 3123 509 3186 taho.
559 3125 721 3208 Leopolis,
743 3126 793 3186 eiu
816 3125 923 3208 Konig
942 3124 973 3184 io
995 3121 1055 3184 den
1076 3120 1199 3198 lnseln,

105 3221 232 3312 vicraig.
272 3223 431 3308 Euripilus
451 3223 516 3286 und
536 3226 725 3305 Leuerzina,
746 3247 830 3308 away
850 3226 986 3308 Herzoge
1007 3245 1068 3285 von
1090 3224 1202 3285 Larin-

108 3343 166 3401 sc,
191 3323 320 3408 achteig.
362 3325 530 3402 Doriolus‚
550 3323 657 3408 Kiinig
679 3347 741 3386 von
763 3326 903 3409 Larigin,
925 3326 1045 3406 vierzig.
1086 3321 1202 3405 Deope·

104 3445 182 3486 neus
211 3423 266 3484 der
290 3425 397 3508 Kiinig
425 3424 587 3507 siehenzig.
632 3429 743 3485 Castor
762 3425 828 3485 und
849 3423 959 3486 Pollux
981 3420 1199 3504 dreytausond.

105 3521 287 3605 Carsimou,
306 3525 413 3610 Konig
435 3547 496 3588 von
518 3523 664 3608 Bengide,
686 3523 909 3610 dreyhundert.
950 3521 1109 3604 Waubry,
1133 3519 1220 3614 Kti-⁸

109 3623 165 3708 nig
185 3645 247 3687 von
277 3625 406 3704 Rissen,
431 3625 560 3707 achtaig.
614 3623 738 3698 Athen,
776 3623 883 3706 Konig
912 3641 973 3682 von
1005 3621 1202 3694 Teonemau‚

106 3725 251 3788 tauseod.
301 3729 440 3804 Lerant,
471 3725 578 3808 Konig
609 3745 669 3786 von
693 3722 916 3792 Sclrottclanil,
948 3720 1073 3802 funszig.
1118 3719 1205 3780 Ana·

103 3825 197 3904 chel,
219 3826 327 3912 Kiinig
355 3849 417 3890 von
445 3823 639 3909 Eugelland,
671 3791 817 3885 huodert.
869 3817 1065 3894 Warcalius,
1099 3819 1205 3902 Ki'mig

106 3947 171 3988 von
203 3927 394 4009 Norwcgeo‚
426 3925 556 4008 nchtaig.
608 3924 774 4001 Girsabre,
807 3922 911 4003 Konig
949 3939 1012 3980 von
1043 3917 1203 3995 Orclmdi,

106 4025 256 4090 huodert.
308 4027 512 4100 collobium,
544 4025 650 4109 Konig
682 4044 742 4085 von
762 4009 884 4084 Orlahd
900 4067 911 4098 ,
931 4019 1057 4102 lunlzig.
1100 4017 1205 4102 Urga-

109 4145 203 4204 mus,
240 4127 346 4208 Konig
379 4149 439 4188 von
461 4123 694 4210 Spaogenlaml,
725 4121 863 4204 dreissig.
922 4121 1069 4197 Clcraus,
1100 4121 1204 4204 Konig

105 4245 171 4290 von
208 4227 377 4314 Portugal,
403 4227 546 4314 seohszig.
590 4227 754 4300 waratus,
789 4222 896 4306 Kouig
926 4241 987 4284 voa
1020 4220 1203 4306 hetlingeo,
