2766 4690
413 383 689 440 oasmvtnonns
714 385 752 438 m
776 387 839 440 un.
865 389 902 440 n.
1122 363 1192 438 tut

112 589 214 653 neque
234 569 374 634 clansoris
390 570 516 638 tollendi
539 595 655 636 rnorem
677 572 1019 658 vituperantium
1040 593 1131 657 aegre
1150 573 1196 640 se·

110 691 184 732 rens
203 669 295 734 ruinis
320 670 480 735 clamorem
510 673 682 756 probibuit,
717 673 893 755 γυναικεῖόν
919 693 952 736 re
980 671 1036 736 sui
1062 661 1197 736 isauros

111 788 178 831 esse
212 767 335 846 (linens,
366 779 399 833 et
429 773 521 834 animi
554 772 669 836 malum
697 776 903 858 interpretem.
938 773 1001 834 seit
1024 771 1098 835 isaeo
1117 769 1195 834 Plri-

112 863 256 932 lueuutus
278 870 355 933 Her.
379 871 422 932 ll.
446 869 519 956 689.

194 965 351 1054 interfecti
370 1003 411 1020 -
430 973 520 1033 multi
533 971 689 1050 mortales)
730 969 823 1053 Apud
840 967 1004 1032 Homerum
1028 989 1068 1031 ne
1088 967 1195 1032 ronili·

112 1075 190 1149 gunt
209 1067 332 1151 quidem
351 1071 447 1150 aoiee3
471 1071 599 1154 ideoque
618 1091 708 1132 nemo
731 1089 834 1154 neque
856 1070 1059 1149 interficitur,
1096 1091 1196 1154 neque

108 1165 226 1248 proelio
245 1168 387 1234 excedere
407 1174 547 1254 cogitur:
570 1173 671 1234 statim
695 1171 775 1233 enim
808 1189 855 1232 res
875 1167 1010 1252 procedit
1030 1167 1069 1232 ad
1089 1171 1194 1254 singu·

109 1261 175 1327 lere
195 1277 347 1330 oertameu
366 1272 448 1332 inter
468 1269 677 1333 Alexandrum
698 1280 729 1332 et
749 1267 933 1332 Menelaum.

191 1363 344 1434 xxxtx.
391 1373 582 1457 conspicatus
601 1372 707 1449 Ater.)
748 1371 840 1433 Hom.
862 1369 901 1438 ll.
920 1369 980 1432 111.
999 1389 1051 1432 us.
1078 1401 1117 1418 -
1127 1369 1193 1448 fit·

107 1483 182 1546 gom
203 1467 297 1550 capit)
339 1467 429 1532 Hom.
449 1471 499 1538 50.
520 1503 561 1520 -
581 1469 828 1556 comprehendere
839 1469 991 1550 fiunem)
1030 1467 1192 1531 Soluslle·

106 1574 175 1626 ctos
194 1563 253 1627 hoo
278 1565 352 1628 iacit
382 1567 472 1632 Hom.
494 1569 546 1632 38.
572 1603 611 1618 -
641 1571 697 1632 sol.
724 1569 886 1630 certamine
903 1565 1074 1644 lacesseret)
1114 1566 1192 1629 For·

106 1664 258 1726 tissimum
276 1683 429 1751 quemque
439 1669 628 1730 Graecorum
643 1669 681 1730 ud
697 1687 831 1752 pugnum
851 1679 1079 1750 provocaverat.
1100 1667 1192 1734 lium.

112 1782 160 1846 19.
182 1795 224 1814 -·
244 1765 364 1828 reducto
388 1768 436 1829 ed
454 1767 622 1830 leuandum
635 1767 833 1848 Alexandro)
876 1765 1028 1828 Homerus
1048 1768 1110 1827 itas
1132 1767 1192 1828 lle·

106 1859 204 1924 (lucto
225 1861 364 1928 Hectoris
388 1867 650 1950 increpationem
671 1868 741 1950 fuga
762 1863 956 1940 Alexandro,
979 1864 1088 1929 foedus
1108 1865 1192 1927 inter

107 1965 245 2026 Graecos
263 1963 473 2050 Troieuoeque
492 1978 625 2050 paetum,
647 1977 703 2047 ut,
726 1967 779 2050 qni
799 1967 897 2028 victor
917 1987 935 2026 e
959 1962 1103 2048 singulari
1124 1981 1192 2027 uer·⁸

103 2061 220 2124 tamine
252 2062 398 2146 redisset,
431 2067 456 2128 is
477 2065 624 2128 Helenam
645 2087 716 2134 oum
734 2066 868 2150 abreptis
897 2064 1007 2148 opibus
1026 2064 1190 2127 obtineret.

101 2159 227 2224 Sancito
247 2163 369 2228 loedere
391 2177 520 2250 utruque
539 2169 618 2229 acies
632 2169 736 2252 positis
758 2167 850 2228 annis
870 2165 1014 2249 utrinque
1043 2164 1193 2226 considet.

102 2259 235 2344 Cupiunt
255 2283 342 2326 erma
363 2264 450 2327 Poris
469 2275 500 2327 et
519 2261 674 2328 Menelaus
701 2275 732 2326 et
753 2261 1071 2347 congrediuntur.-
1028 2261 1191 2348 -Mcorfi

102 2357 188 2438 dens)
228 2361 320 2426 Hom.
342 2383 393 2448 ²7·

184 2461 255 2524 Xl..
278 2465 573 2548 pmemittitlrestam
588 2497 628 2511 —
643 2461 766 2524 &eroso
779 2459 833 2540 ert)
854 2429 947 2524 llam.
961 2459 1033 2540 346.
1047 2493 1087 2510 ·-
1098 2462 1190 2522 retum

102 2557 216 2626 sieclin.
252 2563 355 2641 leste,
381 2565 475 2624 telum
501 2565 586 2625 lumi
606 2561 731 2648 figitur)
773 2561 872 2622 Immo
896 2559 1028 2622 Menelai
1055 2559 1190 2622 iaculum

101 2668 223 2720 sontum
256 2657 352 2724 hostis
381 2661 567 2744 loricamque
587 2671 618 2724 et
631 2671 745 2722 vestem
760 2661 938 2742 penetravit,
962 2667 996 2720 et
1017 2659 1050 2720 ui
1068 2667 1189 2721 retror-

100 2775 171 2820 sum
192 2757 369 2823 declinasset
391 2762 496 2840 Paris,
527 2771 655 2824 mortem
676 2781 739 2822 non
760 2757 922 2841 effugisset.
945 2755 1036 2819 Hom.
1056 2757 1127 2840 557.

184 2860 273 2922 nouis
295 2861 405 2924 iaculis
419 2861 623 2939 redarmatur)
664 2859 767 2921 Etiam
786 2857 862 2920 haee
883 2855 999 2918 diverse
1020 2854 1060 2916 ab
1072 2857 1188 2920 Home·

100 2977 137 3018 ro
157 2971 323 3022 canuntur.
364 2961 520 3024 Menelaus
543 2969 685 3024 ruentem
701 2957 819 3022 hortem
837 2957 944 3019 stricto
963 2953 1064 3038 gladio
1083 2955 1186 3020 adori-

100 3063 175 3135 tur,
196 3057 318 3120 eaedem
340 3081 472 3142 parans:
497 3071 529 3122 et
544 3060 678 3144 gladium
698 3057 800 3142 galeae
815 3055 910 3119 hostie
931 3056 1082 3118 incussum
1102 3057 1190 3119 iran-

98 3155 184 3238 gitur
204 3175 357 3241 manuque
377 3159 496 3222 excidit.
540 3161 641 3222 Etiam
665 3158 754 3240 lora,
774 3155 879 3242 galeno
901 3165 932 3218 et
953 3153 1032 3216 collo
1055 3155 1187 3236 iniecta,

97 3253 211 3340 quibus
232 3257 272 3319 ael
293 3262 429 3321 Grueoos
450 3271 621 3346 raptaretur
640 3260 741 3336 Puris,
762 3255 891 3318 Venerio
910 3277 969 3340 ope
987 3264 1186 3350 rumpuntur,

97 3363 133 3416 et
152 3355 271 3437 galenus
290 3367 410 3421 tuntum
438 3371 589 3443 raptatum
609 3359 649 3421 ud
676 3377 746 3420 suos
765 3355 913 3418 uamiioit
935 3353 1100 3420 Menelaus.
1124 3357 1188 3418 lem

97 3455 199 3518 vietor
219 3455 250 3518 in
271 3477 307 3520 eo
327 3470 410 3530 erat,
434 3471 470 3522 ut
487 3460 604 3522 horum
623 3457 835 3541 unneigmet,
864 3474 935 3518 oum
955 3453 1061 3516 Venus
1080 3453 1187 3516 nubilo

96 3557 218 3616 tectum
247 3559 373 3641 surripit
401 3557 644 3642 incolumemque
669 3553 875 3619 Alexandrum
907 3553 940 3616 in
959 3551 1092 3617 Helenae
1112 3573 1186 3614 oon-

94 3651 184 3717 clrve
203 3654 338 3720 abducit.
788 3709 793 3716 .

181 3757 383 3835 intemerate.)
423 3759 538 3820 veram
558 3757 624 3821 scil.
645 3756 802 3820 ursonem
822 3759 1009 3826 narraturus,
1035 3769 1097 3810 non
1122 3747 1186 3810 Ho-

95 3853 175 3913 meri
206 3853 359 3920 fictionem
396 3859 601 3942 repetiturus,
638 3857 766 3920 Venerin
794 3854 862 3918 loeo
888 3851 976 3933 ponit
999 3845 1133 3910 Pandam
1153 3856 1187 3908 ei

95 3947 304 4017 Troianorum
328 3958 597 4020 intercmsiouem.

179 4052 323 4118 Pandori
340 4060 449 4134 sagma
470 4059 658 4135 uulnerauit)
696 4054 825 4118 Serrato
843 4046 1019 4113 Alexandro
1034 4047 1187 4122 Minerva,

96 4158 134 4210 ut
161 4152 321 4236 utriusque
352 4158 501 4218 exercitus
529 4175 665 4239 pugnam
694 4151 862 4226 excitaret,
896 4145 1039 4210 Pandaro
1075 4156 1185 4208 auctor

93 4247 182 4332 usis,
206 4261 243 4316 ut
261 4251 439 4320 Menelaum
472 4255 640 4340 inquireret
671 4251 794 4335 teloque
822 4245 1008 4318 vulneraret.
1030 4245 1123 4311 Hom.
1146 4243 1184 4308 ll.

473 4614 588 4646 ,-
879 4560 939 4648 Ι
