2698 4688
290 411 398 470 auur
566 398 569 408 ’
754 395 939 464 remman·

288 609 343 692 qui
368 607 485 668 Graeca
519 614 589 664 aute
622 601 727 665 ocuios
750 601 881 677 habuit,
914 601 1072 684 praecipue
1096 609 1125 659 et
1146 599 1264 680 saepius

288 709 388 771 bitum
416 705 583 788 reperitur,
610 701 707 764 nihilo
735 703 834 764 minus
859 723 915 784 pro
941 701 1105 784 graecismo
1131 697 1237 760 treberi

289 805 359 868 iicet
382 803 462 889 apud
486 801 579 863 alium
603 823 725 886 quoque
757 823 852 864 unum
876 812 908 862 at
937 799 1066 861 aiterum
1088 797 1206 876 forsan,
1231 805 1271 886 et,

289 903 429 986 quidem,
465 901 727 982 deprehendatur,
762 921 853 984 quam
877 921 933 982 pro
962 897 1144 959 Hebraismo
1174 895 1271 978 accipi

288 1003 376 1062 Lxx
403 1001 623 1083 iuterpretibus
647 1012 677 1061 et
717 999 896 1082 Apostolicis
929 999 1064 1080 scriptis,
1091 996 1174 1079 quod
1198 993 1271 1077 apud

289 1099 397 1160 erebro
424 1122 457 1160 ex
485 1121 539 1159 usu
563 1111 592 1160 et
613 1101 701 1182 genio
730 1099 861 1160 Hebraei
887 1096 1035 1159 sermonis
1056 1096 1179 1156 Graecis
1206 1093 1271 1155 veri

290 1219 483 1282 expressum,
512 1195 582 1258 iicet
609 1198 713 1260 similis
739 1197 863 1272 locutio,
894 1197 947 1258 sed
972 1197 1086 1276 rarius,
1109 1197 1143 1256 in
1165 1191 1233 1254 aliis
1259 1215 1271 1276 r,

293 1299 416 1360 Graecis
439 1297 636 1378 scriptoribus
663 1299 837 1378 investigari
859 1297 979 1357 tandem
1003 1306 1056 1356 aut
1072 1293 1189 1356 ostendi
1211 1315 1271 1376 quc

374 1395 480 1460 XVii.
522 1396 638 1455 Verum
663 1398 761 1455 versio
777 1396 851 1455 hacc
877 1415 932 1456 suo
954 1415 986 1454 se
1007 1392 1118 1454 iudicio
1137 1392 1272 1453 clarius<

291 1497 352 1554 tius
376 1495 534 1576 panderet,
556 1497 579 1558 si
601 1495 648 1554 vei
673 1497 808 1556 Graecus
835 1506 1001 1578 superesset
1020 1495 1144 1578 Dictys,
1171 1493 1222 1552 vei
1243 1491 1272 1551 M

291 1599 345 1677 qui
371 1619 405 1656 ex
432 1617 469 1656 eo
494 1595 650 1656 historiam
679 1595 844 1654 Troianam
871 1597 903 1655 ia
933 1615 1019 1656 suam
1050 1591 1156 1655 retulit
1185 1591 1272 1654 Chrot

293 1697 416 1779 phium,
439 1693 554 1756 fidelius
570 1717 640 1755 eum
662 1693 886 1776 descripsisset,
909 1715 965 1756 nee
985 1692 1138 1756 maluisset
1157 1695 1272 1775 inter-po

293 1807 322 1854 et
349 1805 551 1870 contractam,
576 1795 698 1876 suisque
715 1793 815 1854 verbis
831 1791 915 1854 iilam
938 1793 1078 1854 exhibere
1100 1791 1188 1854 nobis
1210 1793 1272 1854 hist<

291 1893 334 1956 Et
352 1905 453 1954 tamen
475 1892 524 1953 vel
542 1893 585 1953 sio
608 1891 764 1954 manifesta
784 1893 856 1953 satis
871 1893 1037 1975 reperimus
1056 1893 1180 1973 vestigia
1197 1913 1273 1952 conc

292 1995 369 2054 tium
394 1991 485 2054 simui
509 1991 657 2071 Maieiae,
685 2004 716 2052 et
742 1995 883 2074 quicum
905 1995 1059 2074 sequitur,
1085 1991 1234 2070 Cedreui,
1268 2011 1273 2054 t

293 2093 346 2154 atri
372 2091 523 2174 Septimii,
544 2093 574 2152 in
595 2091 725 2152 eundem
747 2091 859 2152 iontem
881 2104 911 2152 et
930 2103 1093 2153 auctorem.
1134 2079 1238 2152 Veluti
1256 2113 1273 2174 q

293 2193 400 2275 Dictys
422 2200 525 2251 noster
548 2211 602 2250 seu
626 2191 787 2274 Septimius
808 2193 850 2252 ait
871 2191 895 2256 i.
913 2213 942 2274 9.
969 2189 1115 2252 Helenam
1137 2200 1271 2272 rogatam

210 2351 211 2354 ,
295 2295 433 2375 coituque
456 2303 544 2366 esset,
565 2289 774 2372 respondisse,
805 2291 980 2351 Alexandri
1001 2313 1031 2351 se
1051 2290 1201 2378 odfioem,
1232 2311 1274 2349 mc

298 2391 343 2452 ad
372 2391 526 2450 Priamrun
554 2403 582 2450 rt
613 2389 789 2462 Hecubam,
822 2411 914 2476 quam
941 2389 985 2450 mi
1006 2387 1163 2451 Plisthenis
1177 2389 1261 2472 filios

294 2492 463 2576 pertinere:
487 2485 629 2548 Danaum
649 2491 728 2548 euim
747 2503 833 2574 atqroe
853 2489 1019 2570 Agenorem
1041 2503 1071 2551 et
1086 2493 1133 2551 sui
1151 2503 1182 2549 et
1200 2487 1274 2549 Pm'o

300 2591 379 2650 ueris
407 2601 541 2650 martores
567 2611 638 2650 esse.
681 2587 819 2672 Namqroe
841 2611 883 2652 ex
912 2589 1045 2652 Hesiona
1067 2591 1173 2652 Danai
1181 2587 1261 2676 filio

300 2692 385 2752 larue
405 2689 557 2751 Electrum
582 2702 707 2765 uotam,
742 2711 833 2774 quum
863 2713 905 2752 ex
935 2691 1005 2752 Iove
1023 2693 1183 2774 gravidam
1206 2691 1274 2751 Dar

181 2795 189 2806 “
300 2793 450 2871 geuur'sse,
477 2811 518 2851 ex
538 2811 595 2876 (γυυ
625 2787 718 2864 Tros,
740 2803 768 2851 et
787 2789 924 2876 deinceps
949 2793 1074 2852 insecuti
1095 2813 1175 2874 reges
1194 2791 1261 2849 ltit.

302 2889 435 2952 ieramus
462 2891 523 2949 iam
547 2910 617 2950 cum
642 2888 743 2970 hisce,
773 2889 803 2950 in
835 2891 945 2975 quibua
970 2891 1065 2952 multa
1099 2903 1170 2952 aunt
1202 2891 1274 2970 singu

305 3011 382 3071 quae
413 2987 494 3071 apud
523 2987 616 3048 alium
647 3009 708 3050 non
740 2999 854 3051 temere
884 2993 1032 3074 reperias,
1077 2989 1237 3067 Maleum,

305 3085 418 3168 Dictyn
439 3089 471 3146 iu
495 3085 542 3146 his
565 3091 649 3168 sequi
675 3087 797 3150 fatetur.
840 3089 932 3172 Apud
956 3111 1025 3152 eum
1053 3111 1123 3172 ergo
1145 3111 1214 3173 pag.
1243 3109 1274 3148 ra

306 3185 374 3245 lena
401 3184 504 3245 itidem
519 3197 640 3266 rogata,
677 3183 724 3258 τίς
751 3185 821 3267 εἴη,
857 3181 879 3266 ἢ
907 3189 998 3250 τίνων
1018 3186 1184 3270 ὑπόγυνος,
1216 3209 1274 3268 resp

303 3281 512 3364 Ἀλεξάνδρου
531 3281 770 3365 εἰμι’συγγενῆς,
789 3281 844 3348 καὶ
860 3287 980 3366 μᾶλλον
996 3291 1161 3370 προσήκειν
1175 3282 1274 3370 Πριάγ

308 3379 348 3468 τῇ
364 3376 494 3468 Ἑκάβῃ,
532 3381 588 3444 καί
613 3382 654 3443 ου’
672 3381 716 3469 τῷ
738 3385 954 3461 Πλεισθένους
975 3385 1035 3472 virgi
1057 3384 1218 3472 Μενελάῳ.
1259 3417 1274 3450 ι

310 3475 372 3562 γὰρ
394 3476 456 3563 ἔφη
476 3483 531 3544 καί
541 3479 713 3566 Ἀγήνυρος
726 3484 783 3546 τοῦ
798 3484 952 3548 Σιδωνίου
974 3485 1029 3549 καὶ
1042 3487 1076 3549 ἐκ
1088 3489 1196 3568 γένους
1215 3487 1271 3549 τοῦ

310 3599 374 3658 μου
396 3579 470 3663 (iege
489 3573 567 3643 εἶναι
590 3583 625 3642 ἐκ
641 3583 752 3662 γένους
772 3581 827 3647 τὸν
848 3587 1021 3667 Πρίαμον),
1043 3585 1099 3648 καὶ
1119 3581 1218 3668 αὗτῆν
1237 3581 1274 3645 v‘a

312 3677 347 3738 ἐκ
367 3679 424 3738 τοῦ
447 3680 555 3760 γένους
585 3679 693 3743 αὐτοῦ.
730 3681 789 3746 Ἐκ
813 3679 1002 3768 Πλησιώνης
1024 3682 1083 3767 γὰρ
1106 3683 1160 3768 τῆς
1182 3687 1274 3749 Anxa

312 3771 429 3858 γατρὸς
460 3777 608 3864 ἐγεννήθη
637 3773 792 3859 ditetur
819 3781 874 3844 καί
898 3775 1113 3868 ἧἯλοκτρα·
1157 3773 1274 3866 ἕξῆςν

314 3873 407 3948 δυνος
429 3873 602 3959 βασιλευς,
641 3879 674 3956 ἐξ
696 3871 736 3943 οὗ
756 3879 772 3945 ὁ
800 3883 909 3963 Τρῶς,
928 3879 984 3946 καὶ
1003 3881 1032 3945 oi
1057 3883 1114 3946 τοῦ
1133 3880 1223 3947 ’[λιόυ
1244 3885 1274 3963 dt

313 3974 459 4037 Videmus
477 3999 511 4038 ex
533 3979 581 4040 hia
601 3981 721 4044 easdem
743 4003 791 4043 res
818 3994 848 4043 et
870 3983 996 4044 eaodem
1018 4003 1120 4045 rerum
1144 3985 1265 4060 seriem,

315 4073 379 4134 iere
402 4073 480 4136 bona
507 4089 538 4138 et
558 4079 660 4160 maia;
694 4083 779 4165 iungi
805 4083 914 4144 Danao
942 4083 1134 4166 Agenorem,
1161 4086 1212 4165 qui
1233 4081 1272 4143 iiii

315 4183 463 4253 patruus:
494 4195 572 4260 quae
603 4181 776 4241 coniunctio
803 4182 908 4243 saltem
933 4183 1027 4244 verbo
1051 4184 1158 4266 exponi
1178 4181 1274 4243 debuit

316 4281 488 4354 constaret,
526 4299 587 4361 qua
612 4281 729 4341 rationo
753 4302 807 4364 prr
832 4281 901 4343 ilios
932 4284 963 4341 in
989 4283 1067 4344 idem
1097 4303 1190 4368 genus
1218 4291 1247 4342 ct
1271 4307 1274 4336 ι
