2724 4680
153 309 198 372 54
251 399 254 406 .
556 309 845 370 annumerandas

156 477 310 568 pernicie,
332 481 433 566 λεπτή.
454 517 494 540 -·
522 485 670 552 Blandum.
712 487 807 548 Malui.
828 485 984 570 pometum
1009 486 1117 568 ἔχουσα
1135 487 1168 550 lu
1188 493 1266 564 ταῖς

155 576 304 656 παρειαῖς,
319 566 454 654 εὔχαρής.
478 607 516 618 —-
541 574 701 654 Sapieetem.
723 575 817 632 Guido
829 575 990 653 sapientiam
1005 577 1103 634 tribuit
1116 575 1263 634 tambac.

241 659 408 718 Carandra.
458 658 625 733 Cardidam,
650 659 776 720 revocavi
806 678 842 720 ex
865 659 910 734 Cr
945 661 1040 738 sicque
1068 680 1131 720 eam
1158 665 1264 720 ruant

157 744 252 804 Guidu
274 750 305 802 et
323 742 447 804 Malaios.
488 743 578 804 Addit
595 745 706 804 Gnido:
738 743 850 802 multum
873 744 1032 822 lentiginum
1055 743 1148 814 secie,
1175 753 1265 822 atqua

157 829 304 905 lentigines
316 830 477 907 plenumque
488 835 577 889 cotem
590 829 736 889 candidam
745 830 921 890 comitantur.
932 861 975 874 -
987 829 1137 890 Praeterea
1152 831 1262 889 Gnido:

157 915 342 990 uirginitatem
364 919 503 990 appetens,
524 919 551 973 et
572 935 657 974 omnes
676 917 757 991 quusi
774 921 851 973 nctus
863 913 980 993 fugiam
998 915 1155 984 muliebres,-
1174 915 1263 972 naida

157 1002 232 1059 nouit
242 998 393 1076 praedicere
410 999 442 1058 de
449 997 569 1076 suturis,
589 1018 649 1057 cum
665 1002 694 1056 ia
709 1005 841 1060 astrorum
859 1002 974 1060 scientia
990 1005 1015 1058 ct
1031 1000 1189 1059 literalibus
1204 1001 1261 1060 dr'r-

159 1084 268 1165 ct'plirrir
281 1088 307 1141 et
317 1088 435 1161 potenter
449 1089 474 1140 et
485 1089 608 1161 patenter
620 1085 724 1146 edocta.

243 1167 392 1244 Polyxena.
436 1167 552 1228 Pedibus
563 1172 679 1248 optimis.
722 1167 810 1229 trau.
823 1171 880 1234 93:
902 1168 970 1248 pede
982 1169 1065 1229 mest.
1105 1167 1203 1228 nieht
1215 1192 1260 1246 prc-

158 1246 303 1334 apu'rroue.
324 1283 365 1296 ·-
387 1251 480 1314 Guidu
495 1253 534 1312 sic
550 1255 705 1332 praedicat:
727 1253 835 1330 „Virgo
848 1256 1007 1328 tenerrima,
1027 1251 1116 1313 mrdta
1131 1257 1261 1334 speciaci-

160 1345 219 1398 tate
234 1339 343 1398 decora.
385 1335 464 1396 Haec
480 1339 530 1398 suit
544 1357 700 1398 vereretur
716 1338 923 1419 pulchritudinis
935 1341 1044 1414 rudius,
1065 1357 1153 1414 qnam
1166 1349 1262 1398 natura

161 1425 247 1482 multo
270 1423 361 1482 studio
381 1421 524 1500 depinxit,
546 1430 574 1482 et
595 1425 623 1481 in
648 1443 703 1500 qua
717 1443 807 1484 rerum
827 1430 923 1482 natura
946 1423 1011 1482 nilril
1032 1429 1190 1498 erraverat,
1211 1425 1262 1482 nisi

161 1508 238 1586 quud
250 1507 393 1566 mortalem
409 1526 469 1566 eum
488 1515 638 1566 statuerat:
660 1509 736 1567 cuius
750 1509 870 1588 speciem
890 1509 1102 1588 particularibus
1116 1509 1262 1587 explanare

161 1593 350 1663 sermonibus,
372 1591 452 1650 labor
471 1601 544 1654 esset
562 1593 683 1667 inutilis,
704 1611 764 1654 cunr
783 1594 841 1652 eiua
856 1594 945 1652 forma
962 1595 1040 1670 quasi
1059 1595 1182 1652 omniurn
1196 1595 1261 1652 alin-

161 1697 221 1736 rum
239 1675 413 1754 praecelleret
430 1679 547 1755 speeiem
562 1678 711 1738 mulierum.
755 1676 917 1754 intelligitur
932 1693 1016 1754 erga,
1038 1697 1151 1738 unrnem
1166 1680 1262 1738 incarn

162 1762 346 1822 membrorum
368 1761 596 1838 pulchritudinem
620 1761 790 1835 abundasse,
821 1770 851 1822 et
874 1779 908 1822 ea
928 1764 1058 1823 floruisse
1082 1765 1199 1838 uirtute,
1226 1765 1263 1822 ita

163 1845 344 1924 quodannis
360 1849 471 1922 geneda
487 1864 584 1908 musar
595 1847 691 1907 habiit
703 1847 871 1912 vanitates.“

612 2056 702 2121 Gar.
730 2054 821 2122 XIII.

248 2171 450 2263 Agamemnon.
492 2179 614 2246 Nobilem
636 2183 751 2246 diuitem
794 2185 911 2246 Diuitem
927 2183 1210 2262 revocer-tersae
1223 2181 1262 2242 G.

163 2269 254 2332 lacau.
276 2271 325 2336 lv.
343 2275 399 2338 99:
444 2267 568 2331 Martius
594 2277 671 2332 uruat
695 2271 773 2332 lenos
785 2269 1115 2350 Agamemnona-uultu
1139 2289 1266 2349 praecone

160 2361 280 2436 paterius
293 2355 405 2430 Enim,
425 2362 452 2415 et
466 2376 554 2433 regem
571 2359 669 2436 species
683 2363 789 2416 armata
801 2356 940 2436 profatur:
961 2355 1060 2414 Mr'rta
1073 2359 1159 2414 uirum
1172 2355 1264 2432 pirric-

164 2447 229 2500 raat
251 2445 322 2500 cirre
341 2441 469 2501 candente
490 2443 584 2502 decora
604 2442 713 2518 Virtus,
733 2445 859 2503 nobilitas
879 2441 968 2516 dr'vcs,
982 2439 1124 2518 facundia
1146 2439 1263 2520 pruderu.

164 2525 210 2586 De
226 2526 284 2587 eius
297 2529 376 2604 regia
395 2529 489 2604 specie
501 2529 538 2590 cf.
555 2529 652 2590 Duces.
675 2559 714 2571 -
736 2526 950 2588 addicendo:
971 2525 1071 2584 luderis
1085 2534 1145 2586 erat
1161 2529 1262 2598 umaro,

165 2611 228 2670 dum
242 2617 307 2670 erret
321 2614 418 2690 quietis
429 2616 578 2690 impatiens,
598 2612 738 2690 discretus,
759 2613 862 2675 audax.

250 2696 404 2757 Menelaus.
446 2695 582 2756 Mediocri
599 2703 715 2758 statura.
755 2699 798 2758 lta
814 2718 848 2758 ex
862 2695 896 2756 C.
914 2696 1020 2774 scripsi.
1062 2695 1113 2772 Sg.
1137 2691 1263 2754 medium}

166 2787 296 2840 cinturae.
338 2783 413 2841 Cett.
433 2783 559 2841 mediocri
571 2800 684 2860 corpure.
729 2781 837 2842 Gnido:
859 2785 916 2840 eius
924 2780 1018 2860 suroca
1033 2782 1102 2839 inter
1119 2779 1263 2855 lmgitudi-

165 2887 224 2926 mem
246 2873 271 2927 ct
290 2869 413 2925 terminos
433 2869 573 2927 breuitatis
592 2867 705 2928 medium
725 2865 830 2927 decenti
845 2873 951 2925 statura
969 2867 1102 2926 rmuadrd.
1145 2865 1191 2924 Cf.
1208 2883 1263 2942 cap

169 2957 229 3018 12:
254 2951 452 3028 Cassandram,
474 2952 599 3013 mediocri
617 2959 733 3014 statura.
757 2983 796 3002 *-
819 2953 906 3012 Addit
925 2951 1035 3010 Guido:
1060 2951 1096 3010 lrr
1113 2953 1198 3008 amri
1216 2969 1266 3007 ea-

168 3041 219 3095 tem
233 3042 290 3094 erut
303 3043 426 3096 strenuus
440 3044 467 3096 ct
479 3037 600 3098 bellandi
610 3037 737 3097 desiderio
752 3041 861 3096 nimium
876 3039 1015 3095 animosior.

251 3119 378 3184 Achilles.
422 3121 551 3182 Membris
566 3123 661 3182 ualet
676 3141 711 3184 m.
754 3123 789 3181 C.
805 3141 839 3182 m.
854 3122 920 3196 vat,
942 3116 1264 3198 magmuilradrioruac

168 3205 220 3280 ὃς.
234 3223 268 3262 m.
286 3206 341 3263 uui.
354 3211 477 3284 magnis,
499 3211 617 3267 dilutum
633 3209 693 3266 lenc
709 3211 790 3286 crirp.
834 3208 923 3267 Recte
936 3207 1049 3266 ridetur
1065 3205 1167 3264 habere
1179 3205 1213 3265 C.
1229 3237 1262 3248 -

168 3289 241 3350 er
253 3292 444 3367 crispatam-
455 3293 554 3372 capillo
568 3299 674 3372 myrteo.
717 3293 806 3351 lucan.
819 3291 858 3350 lll
871 3313 877 3350 :
900 3295 928 3350 iu
939 3297 1026 3350 arctor
1045 3293 1180 3368 crispatur
1191 3293 1263 3348 mirer

45 3375 48 3380 ’
169 3393 244 3434 coma
259 3380 377 3454 myrtea,
400 3380 482 3439 uina
498 3381 526 3435 ia
539 3397 626 3438 armar
639 3377 805 3456 deprimitur.
848 3375 933 3436 Color
947 3381 1063 3454 myrteus
1082 3375 1145 3452 quis
1163 3375 1212 3446 sit,
1231 3392 1262 3431 er

169 3453 300 3521 Guiduue
314 3463 454 3535 discimus,
476 3465 524 3540 qui
540 3461 669 3522 Achillem
685 3463 769 3522 irrisae
786 3463 827 3522 ait
840 3461 923 3536 fluuit
939 3461 1056 3521 crinibus
1071 3459 1119 3518 ced
1132 3462 1263 3536 cupam·
1345 3505 1346 3508 η

169 3553 244 3606 etex
259 3548 321 3605 loeo
336 3545 463 3606 Philostr.
480 3569 509 3627 p.
523 3547 604 3620 708,
625 3566 708 3625 quem
722 3547 881 3608 Drercmius
895 3547 934 3606 ad
956 3547 1044 3606 lacau.
1063 3545 1082 3604 l.
1097 3545 1200 3618 attulit,
1219 3544 1265 3602 ubi

169 3631 207 3692 ds
226 3631 324 3690 eodem
340 3629 458 3693 Achille:
488 3625 545 3710 τὴν
566 3627 622 3710 μὲν
647 3627 683 3712 δὴ
707 3627 806 3712 κόμην
830 3624 996 3712 ἀμφιλαφῆ
1020 3623 1104 3712 αὐτῷ
1128 3623 1267 3692 εἶναικαὶ

169 3717 284 3796 χρυσοῦ
304 3713 391 3793 ridicu.
413 3749 453 3761 -·
474 3715 608 3794 Largum,
625 3717 762 3796 dapsilem.
805 3715 846 3778 Μ.
862 3715 901 3776 D.
916 3721 946 3777 et
958 3717 995 3776 0.
1011 3735 1066 3776 um.
1079 3715 1195 3792 largum.
1235 3715 1268 3776 at

170 3801 281 3859 Guido:
302 3801 397 3876 largus
411 3804 439 3860 r'a
454 3801 531 3861 denir
550 3809 576 3861 et
587 3801 718 3881 prodigus
732 3805 761 3862 in
774 3803 901 3884 crpcrrrr'r.
946 3803 981 3862 cl.
993 3821 1017 3863 c.
1033 3805 1090 3866 12:
1113 3799 1268 3884 Polyxena

171 3885 296 3962 largum,
319 3885 455 3969 dapsilem.

255 3969 406 4029 Patroclus.
439 3969 531 4030 omia
547 3971 647 4031 uiuidir
660 3975 813 4048 etmugair.
843 3969 885 4031 M.
899 3975 928 4032 et
942 3967 978 4032 D.
994 3969 1135 4030 nin'dr'dur.
1165 3971 1202 4031 G.
1215 3990 1269 4028 ucu-

170 4052 447 4127 mememoratur
464 4059 578 4131 magno.
624 4057 712 4118 lsoan.
731 4060 806 4120 113:
831 4059 891 4116 acic
908 4056 1017 4132 greum
1061 4057 1173 4114 Guido:
1194 4060 1269 4114 ouriir

170 4135 262 4197 ecda.
304 4139 364 4196 Ant
391 4141 476 4201 oculis
496 4143 599 4213 variis,
620 4141 722 4199 viridas
741 4141 870 4217 magmis?
891 4171 934 4186 -
961 4139 1085 4200 maure
1127 4139 1270 4218 explicatur

170 4217 259 4275 lacau.
279 4221 354 4282 115:
376 4229 494 4283 emutare
511 4224 580 4296 cidi,
602 4225 738 4304 disparuere
756 4228 868 4286 comem
913 4225 1089 4288 Bencrcctur
1101 4223 1146 4282 lric
1164 4225 1270 4296 dicitnr,
