2726 4686
238 353 290 428 70
574 385 579 396 ·
629 367 748 418 otorrs
773 351 950 418 emmau

237 563 347 646 nrine
386 557 591 646 interficit3
627 585 674 636 ao
710 574 795 663 post
827 583 969 663 paucos
1004 555 1086 636 dies
1119 573 1322 664 expugnata

238 699 357 785 atque
383 681 538 756 inoensa
562 675 736 766 civitate,
762 701 940 776 magnam
967 674 1045 751 vim
1070 676 1234 782 praedae
1260 697 1322 754 tra·

238 795 313 889 bit,
336 795 533 872 abducens
555 795 800 882 Tecmessam,
829 792 950 870 filiam
976 792 1082 895 regis.

337 913 442 990 XIX.
473 910 599 1014 Igitur
615 909 729 984 ambo
749 908 873 998 duces,
896 908 1029 984 multis
1047 908 1199 984 vastatis
1216 927 1322 1012 atque

237 1028 466 1138 expugnatis
496 1025 736 1127 regionibus,
770 1025 842 1130 ipsi
875 1025 969 1100 olari
999 1045 1116 1129 atque
1139 1025 1322 1129 magnifici

234 1145 389 1248 ingenti
417 1142 596 1231 nomine,
620 1167 691 1246 per
715 1140 860 1216 diversa
884 1141 987 1230 loca,
1014 1143 1122 1244 quasi
1147 1141 1196 1216 de
1221 1141 1322 1216 indu·

235 1263 352 1352 stria,
391 1259 527 1335 eodem
567 1274 738 1366 tempore
776 1256 825 1332 ad
861 1259 1073 1334 exereitum
1109 1283 1322 1352 remearem.

232 1377 342 1454 Dein
374 1403 445 1482 per
479 1399 685 1479 praecones
717 1371 919 1450 conductis
951 1373 996 1448 in
1026 1401 1152 1450 unum
1185 1375 1322 1450 cunctis

237 1491 432 1570 militibus
455 1489 707 1593 ducibusque,
733 1489 918 1593 progressi
955 1490 997 1564 in
1031 1487 1222 1580 medium,
1256 1491 1322 1566 sin·

238 1609 320 1716 guli
339 1607 518 1683 laborum
535 1624 662 1710 ,atque
687 1604 900 1682 industriae
925 1605 1155 1682 documenta
1176 1607 1218 1680 in
1243 1631 1322 1680 oon·

236 1741 372 1831 spectu
392 1723 569 1800 omnium
589 1745 806 1826 exposuere.
858 1721 968 1819 Quae
993 1721 1063 1796 ubi
1088 1720 1224 1798 Graeci
1249 1721 1322 1795 ani·

236 1838 495 1926 madvertere,
528 1837 658 1912 farore
690 1837 839 1939 ingenti
874 1863 920 1912 ao
944 1835 1126 1912 laudibus
1150 1861 1212 1913 eos
1244 1863 1322 1942 pro

238 1954 359 2064 secuti
389 1950 611 2058 mediosque
634 1971 858 2044 statuentes,
896 1953 1012 2028 ramis
1037 1953 1143 2028 oleae
1173 1977 1322 2028 eorona-

238 2095 337 2146 rere.
385 2069 490 2146 Dein
508 2069 712 2148 eonsilium
737 2067 785 2146 de
810 2067 1016 2146 dividenda
1038 2066 1179 2172 praeda
1198 2067 1322 2144 baberi

239 2205 432 2296 coeptum,
458 2183 613 2264 Nestore
626 2204 665 2263 et
689 2183 893 2262 Idomeneo
919 2187 962 2260 in
981 2183 1220 2260 decernendo
1236 2185 1322 2290 opti·

190 2287 194 2304 ’
239 2302 314 2380 mis
344 2303 576 2380 auctoribus.
635 2307 771 2406 Itaque
807 2321 1039 2378 cunctorum
1071 2301 1257 2378 sententia
1289 2328 1321 2376 et

245 2419 354 2494 omni
379 2417 535 2526 praeda,
559 2447 678 2524 quam
703 2419 870 2498 Achilles
882 2437 1159 2525 apportaverat,
1180 2438 1321 2522 excepta

241 2534 421 2648 Eetionis
448 2537 612 2640 coniuge
645 2541 872 2642 Astynome,
891 2561 1027 2654 ¹quarn
1052 2535 1187 2642 Chrysi
1214 2535 1321 2610 filian

239 2679 494 2704 ψ--Ι-ι
517 2699 525 2710 x

238 2755 932 2882 ui‘ttt‘titttti‘f’,iitt'tti‘it’
945 2755 1318 2882 '‘¹⁰⁰⁸'2Editi‘i“'tii?1.'}{

241 2903 274 2947 ut
291 2895 327 2947 ιι.
346 2863 449 2964 reguis.
470 2900 564 2951 tutu·
586 2847 628 2970 (ii.
649 2849 848 2972 tosticum
867 2845 1086 2972 (aini’iv'fts’.)
1112 2847 1217 2969 nttqie
1235 2914 1320 2968 perpe

238 2969 290 3018 ⁴iuti
312 2969 506 3020 tentarunt:
525 2969 622 3022 dieunt
637 2969 772 3040 praedam
791 2969 911 3024 trabere·

315 3039 505 3163 Tecmersuutlg¹
532 3037 609 3092 MSS.
636 3050 665 3092 et
682 3041 731 3092 Ed.
750 3043 836 3094 Princ.
857 3041 1021 3094 Tecmirrom
1049 3041 1067 3092 Ι.
1094 3053 1119 3090 e.
1146 3039 1316 3091 Tecmessam

240 3110 274 3156 oi
293 3102 411 3166 babetur
429 3112 459 3160 in
506 3108 552 3162 88.
578 3110 627 3164 ttb.
648 3111 679 3163 V.
703 3113 742 3163 16.
777 3127 874 3180 graece
892 3125 985 3178 moret
1004 3125 1060 3163 non
1081 3111 1274 3182 Tegmesrnm,
1308 3125 1320 3158 u

240 3181 323 3228 autea
342 3177 484 3232 edebatur.
503 3179 545 3236 ef.
566 3180 600 3233 ad
620 3197 642 3232 c.
665 3197 704 3235 ta.

312 3245 381 3299 tttx.
418 3252 502 3322 qussi
518 3249 553 3304 ds
570 3250 641 3324 ind.)
677 3251 751 3303 crat.
771 3257 799 3303 ei
817 3251 912 3304 Decor.
936 3263 1021 3325 atque
1045 3251 1135 3324 quasi.
1178 3249 1212 3301 in
1233 3248 1320 3302 iisdrr

241 3329 306 3370 nox
323 3326 386 3385 post
403 3317 530 3373 laborum
546 3321 659 3374 additur
678 3339 799 3386 suomm,
820 3323 961 3374 omittitur
984 3338 1017 3373 ue
1036 3321 1107 3374 inira
1123 3319 1230 3374 taturi.

311 3389 342 3440 in
360 3387 545 3464 decernendo)
583 3391 709 3446 ttaobr.
729 3391 926 3449 incarnando.
962 3393 1024 3444 isoio
1036 3393 1165 3464 equidem
1183 3391 1249 3458 poni
1261 3407 1320 3456 aper

242 3453 377 3510 Romanor
395 3477 530 3525 cernere,
559 3469 592 3514 ut
614 3461 688 3530 apud
711 3463 829 3516 Graecos
856 3467 980 3531 κρίνειν,
1004 3479 1052 3532 pro
1080 3462 1244 3524 «latomere,
1270 3459 1319 3512 dre

240 3532 370 3595 αρίνιινς
389 3531 424 3582 de
444 3535 523 3584 euius
541 3532 617 3586 verbi
636 3532 789 3602 significatu
806 3535 914 3605 prolixe
934 3543 1049 3602 egerunt
1065 3535 1217 3587 Koerierus
1235 3533 1267 3583 iu
1280 3533 1319 3582 sir

195 3599 204 3610 '
239 3599 329 3666 goiari
347 3600 490 3664 Diairibe,
510 3609 539 3656 si
557 3604 712 3657 Perizonius
732 3607 766 3659 ad
786 3607 876 3658 Sanet-
894 3605 961 3657 Min.
981 3605 1025 3660 Ν.
1049 3609 1088 3659 ti·
1116 3621 1142 3672 p.
1163 3607 1223 3674 769
1253 3611 1319 3671 atqu

206 3675 210 3684 '
241 3667 272 3719 in
291 3671 341 3722 liet
363 3689 421 3722 ons.
438 3672 473 3726 ad
491 3674 620 3728 Kuesteri
639 3675 758 3729 Diatrib.
778 3677 847 3730 ibid.
868 3693 894 3746 p.
916 3695 975 3745 ⁶7²·
998 3692 1009 3725 s
1032 3691 1057 3746 q.
1093 3673 1149 3726 Sed
1171 3675 1319 3742 scriptorut

241 3688 441 3810 exsmpiitriunt
459 3751 543 3816 atque
562 3746 699 3800 editorum
718 3755 870 3801 ceterorum
890 3719 961 3818 quiae
980 3693 1036 3798 vtdt
1051 3745 1175 3798 omniunt
1192 3744 1319 3813 praevali

239 3813 409 3866 auctoritare
428 3823 513 3888 atque
532 3831 594 3870 eunt
612 3818 641 3868 in
659 3822 757 3871 ceteris
776 3819 874 3882 libris,
891 3825 923 3869 ut
941 3824 970 3869 et
988 3817 1037 3869 tat.
1055 3817 1158 3878 Mera,
1182 3817 1220 3866 sit
1238 3817 1270 3866 in
1291 3813 1319 3868 dt

242 3881 407 3970 cernendo..
436 3892 494 3939 tum
518 3904 552 3941 ex
577 3888 603 3940 S.
626 3887 696 3940 Gali.
715 3905 768 3941 ter„
787 3889 831 3946 tx.
858 3896 887 3941 et
910 3888 958 3940 tta.
985 3889 1071 3940 Ptine.
1096 3901 1184 3970 prave·
1205 3883 1319 3938 distinct

241 3963 377 4078 titii
393 3955 1319 4098 destitisti‘'titii‘ttttit·„iiititittstitit

243 4094 308 4148 batn
326 4096 361 4150 cie
379 4098 487 4152 librarii
506 4103 600 4153 oouios
617 4101 718 4170 fugisse
737 4101 864 4168 erodant,
888 4099 1011 4173 hincque
1039 4107 1164 4162 enatam,
1187 4113 1262 4172 qnae
1290 4099 1318 4152 rt

240 4163 309 4219 θῦε.
329 4177 530 4235 repraesentat,
548 4173 704 4225 lectionem.

314 4243 523 4315 apportaverat)
559 4243 631 4298 Crat.
650 4242 698 4298 itio
718 4250 746 4299 st
762 4244 837 4300 inita
854 4255 956 4317 otport.
971 4243 1016 4297 ci.
1034 4241 1070 4296 ad
1090 4241 1123 4294 11.
1144 4241 1185 4296 51.
