2698 4688
491 363 735 418 tmonucrto.
1080 365 1178 418 ssVll

93 552 180 614 dmm
201 549 279 614 alios
302 561 441 614 suctores
457 571 528 614 suos
547 550 630 614 haud
645 551 793 630 nominat,
813 551 951 633 sequitur
963 559 1075 612 mmm·
1110 551 1176 616 Eo-

95 661 218 736 sebinm,
237 661 293 742 qni
315 669 426 742 quarto
445 656 547 722 secolo
568 661 697 742 scripsit,
718 657 890 754 Clrron3p.
920 679 966 742 ¹9·
985 669 1176 738 sarmatam,

93 763 233 827 Hectoris
252 763 332 828 filios
353 763 461 826 Heleni
488 763 599 826 anxilio
619 765 765 848 recepisse
788 763 895 840 llium,
927 763 1059 846 expulsis
1079 765 1175 828 Ante·

90 875 169 934 noris
190 875 340 955 postem,
366 872 409 933 ob
438 871 542 934 oeulos
562 872 704 935 babuisse
725 873 838 955 Dictyn
858 879 889 932 et
908 869 1053 936 Darctem
1071 873 1177 934 statuit

90 977 224 1064 Scaliger
244 977 432 1042 Animadrr.
454 979 494 1041 ad
516 979 628 1042 Euseb.
650 1001 682 1061 p.
704 977 754 1044 55.
798 976 895 1060 Atqui
919 977 1026 1059 Dictys
1053 976 1108 1045 lib.
1129 980 1172 1043 V.

93 1107 146 1168 17,
165 1107 261 1171 qnem
281 1087 390 1171 losepb
413 1087 536 1149 lscanus
555 1086 610 1154 tib.
630 1087 685 1149 Vl.
704 1085 766 1150 885
786 1107 851 1168 sqq·
882 1095 1003 1146 secutus
1029 1095 1091 1161 est,
1121 1107 1178 1148 re·-

89 1195 157 1276 iert,
177 1197 328 1270 Aeneam,
351 1197 405 1279 qui
427 1205 496 1278 post
514 1195 677 1258 discessm
692 1195 877 1256 Graecorum
893 1194 1003 1256 Troiae
1020 1213 1172 1256 mmanse·

89 1313 151 1376 rat,
180 1323 253 1364 cnm
282 1303 371 1366 sociis
394 1323 430 1365 ex
450 1301 595 1366 Dardano
620 1313 651 1364 et
677 1300 869 1365 Cherroneso
889 1301 947 1363 sibi
967 1303 1077 1362 iunctis
1102 1301 1170 1362 iru-

89 1407 297 1470 strnmolitum
309 1427 387 1487 esse,
401 1408 602 1482 Antenorem,
617 1410 670 1491 qui
684 1427 811 1492 regnum
820 1418 996 1491 occuparat,
1011 1406 1170 1491 expellere,

90 1525 175 1599 stqne
195 1525 339 1578 coactum
358 1535 429 1578 cum
449 1518 532 1578 omni
552 1515 735 1600 patrimonio
753 1515 794 1577 ab
812 1516 907 1577 Troia
925 1517 1100 1599 navigasse:
1129 1516 1169 1579 ad

91 1623 272 1686 Antmom
292 1635 395 1686 autem
422 1636 547 1688 cunctos
567 1623 649 1686 bello
668 1623 805 1686 residuos
825 1621 1014 1699 confluxisse,
1035 1645 1166 1708 eumque

90 1731 159 1792 inita
188 1753 262 1794 cnm
292 1731 426 1798 finitimis
454 1734 574 1816 regibus
603 1735 745 1796 socictate
766 1743 797 1794 et
824 1733 974 1794 amicitiae
991 1729 1112 1793 foedere
1133 1733 1165 1794 in

90 1859 179 1920 rqno
203 1859 236 1902 se
265 1839 464 1907 confirmasse.
513 1841 616 1924 Atque
643 1840 740 1902 Dares
762 1861 789 1904 c.
809 1839 862 1916 45.
881 1837 1003 1916 scribit,
1029 1838 1166 1901 Aeneam

90 1945 235 2008 Antenori
250 1947 376 2008 Troiam
397 1947 478 2010 ultro
498 1947 668 2026 tradidisse,
691 1957 722 2008 et
741 1967 812 2008 cum
831 1947 893 2008 suis
911 1947 984 2010 inde
998 1945 1166 2028 proiectum

89 2071 162 2112 esse.
199 2052 392 2136 Negligeoter
410 2055 454 2115 ita
476 2053 600 2136 quidem
620 2073 656 2114 ex
668 2053 782 2114 Dareta
801 2051 939 2116 retulisse
952 2051 1166 2116 Pseudo-Cor·

88 2157 217 2236 nelinm‚
239 2159 434 2239 exflemiei,
456 2164 508 2244 qui
529 2160 712 2240 Gnidonem,
734 2161 854 2222 Daretis
873 2169 1066 2238 sectatorem,
1088 2162 1167 2224 Ger-

89 2269 200 2330 nante
220 2269 332 2344 vertit,
361 2271 483 2352 copiose
502 2271 675 2331 narratione
694 2268 886 2332 manifestum
907 2276 964 2330 est.
986 2266 1057 2334 Vid.
1075 2267 1167 2332 ohss.

91 2371 168 2440 ute.
193 2375 232 2437 ad
263 2373 324 2437 lib.¹
338 2375 381 2438 V.
407 2395 453 2459 ¹⁷·
494 2376 541 2438 Ut
571 2378 630 2452 sit,
656 2375 791 2440 Eusebio
813 2377 944 2442 Abantis
968 2378 1086 2460 potius,
1111 2377 1165 2462 qui

88 2478 194 2542 Tmica
220 2484 360 2566 scripsit,
386 2485 521 2546 narratio
553 2483 787 2561 obversabatur,
817 2505 852 2547 ex
871 2506 933 2570 quo
953 2496 1030 2548 teste
1056 2485 1163 2546 Servio

89 2587 127 2648 ed
146 2589 247 2673 virgil,
268 2591 348 2659 Aen.
369 2591 426 2657 IX.
450 2590 523 2672 264.
547 2593 671 2676 quidam
691 2593 881 2676 retulemnt‚
908 2605 976 2679 post
998 2593 1163 2656 discessum

90 2693 214 2758 a'l'roia
231 2699 419 2761 Graecomm
439 2702 633 2785 Astyanacti,
655 2703 794 2764 Hectoris
813 2701 895 2781 filio,
924 2701 968 2762 ibi
987 2699 1093 2760 datum
1114 2717 1164 2758 re-

90 2821 199 2882 gnum:
225 2805 305 2868 bone
327 2807 368 2868 ab
386 2808 540 2871 Antenore
559 2829 622 2872 esse
643 2809 822 2891 expulsum,
851 2807 970 2870 sociatis
991 2806 1049 2869 sibi
1070 2803 1163 2864 liniti·

87 2911 147 2969 mis
163 2911 340 2993 civitatibus,
361 2916 442 2976 inter
461 2935 536 2998 quas
555 2925 586 2977 et
606 2915 719 2978 Arisba
740 2915 814 2976 inite
836 2916 973 2976 Aeneam
996 2912 1056 2974 boe
1073 2931 1162 2994 aegre

86 3015 199 3092 tulisse,
226 3041 284 3104 pro
317 3021 502 3104 Astyanacte
522 3043 607 3084 arma
625 3023 760 3105 cepisse,
794 3042 830 3083 ac
859 3040 1005 3104 prospere
1025 3040 1059 3082 re
1078 3031 1160 3102 gesta

86 3143 202 3206 regnum
222 3125 268 3188 illi
286 3127 474 3190 restituisses
498 3157 533 3178 -··
557 3128 617 3192 Vel
637 3132 737 3211 potius
756 3128 909 3203 Cononis,
936 3129 991 3210 qui
1010 3147 1078 3208 cap.
1102 3125 1155 3202 46.

87 3235 238 3295 moriae
257 3233 376 3317 prodit,
397 3233 625 3296 Scamandriom
647 3245 677 3297 et
697 3236 870 3319 Oxynium,
897 3237 1039 3298 Hectoris
1058 3233 1157 3310 lilios,

86 3335 228 3420 ebydia,
260 3359 323 3422 qno
347 3341 445 3402 emissi
473 3340 614 3417 fuerant,
644 3337 768 3404 rediisse
791 3353 824 3403 et
844 3342 947 3404 omnia
969 3341 1050 3403 circa
1069 3339 1159 3403 llium

86 3437 144 3503 loos
162 3445 254 3507 armis
273 3445 331 3507 sibi
350 3446 529 3509 vindicasse.

156 3547 263 3612 Seenlo
289 3552 380 3613 tertio
406 3553 549 3614 Dantem
569 3563 600 3614 et
621 3553 784 3637 Syagrium
803 3553 899 3616 oculis
919 3556 981 3616 suis
999 3553 1076 3618 vidit
1094 3558 1158 3619 Ae-

86 3649 183 3730 limos,
203 3667 238 3718 nt
258 3667 387 3718 testatur
408 3656 460 3721 lib.
478 3659 536 3720 Xl·
556 3681 586 3727 a.
610 3669 640 3720 et
659 3659 748 3720 XIV.
768 3678 819 3726 nr.
860 3661 907 3722 Ut
929 3660 1076 3724 Aeliauns
1098 3663 1155 3723 Di·

86 3771 148 3842 dyn
164 3765 368 3846 voraverit,
390 3787 461 3827 eum
487 3775 588 3828 tamen
614 3764 863 3851 illiustempore
884 3771 1046 3846 exstitisse,
1079 3767 1155 3830 illud

87 3869 173 3944 ipsam
191 3873 398 3934 tetimonium
419 3873 615 3954 comprobat:
645 3873 741 3935 Dares
762 3869 912 3936 euim⁴rel
934 3877 1088 3956 exscripsit
1107 3877 1155 3940 vel

86 3971 265 4040 maturis
284 3979 398 4062 Dictyn
414 3977 516 4042 multis
527 3982 561 4041 ia
575 3981 679 4042 rebus.
718 3982 811 4060 Quod
825 3981 928 4044 Guido
944 3983 984 4043 de
1004 3981 1155 4047 Columna

87 4077 189 4144 otoo
207 4087 451 4149 animadvertisse
471 4087 602 4165 videtur,
627 4091 678 4170 qui
704 4099 779 4150 teste
798 4091 907 4152 Vossio
928 4089 1006 4156 ntes
1026 4090 1093 4156 Lat.
1111 4093 1151 4154 ll.

86 4183 131 4246 fia·
149 4211 179 4270 p.
208 4192 273 4272 ¹5⁴·
297 4195 358 4254 sits
390 4193 535 4254 Daretem
558 4207 585 4255 et
609 4193 719 4273 Diope
742 4195 837 4280 probo
861 4200 1032 4258 sonamite.
1063 4201 1153 4264 intel-
