2698 4688
507 337 752 410 trrrtoriocrro.
1103 359 1169 409 ιιιιι

101 544 156 608 en
172 543 368 628 mammo
388 543 465 608 nnn
482 545 567 608 suu
586 515 712 630 aphses
724 543 864 628 saepe
889 543 914 606 u
928 543 1171 628 omuaeupse.

102 653 197 716 meridi
220 654 330 715 inseru
356 651 480 730 suisset,
510 663 627 716 vertere
651 673 719 714 eam
748 650 910 734 Septimius
938 653 987 714 vix
1006 654 1170 732 omisisset3

101 783 164 822 enm
181 763 256 822 ersisn
276 761 432 822 riurano·
455 761 637 822 Punioonms
657 757 712 824 lib.
732 757 774 819 V.
796 758 950 830 meminit,
973 781 1030 821 eur
1049 781 1111 824 non
1124 775 1173 825 to·

100 869 153 930 tins
172 867 307 929 iabrrlse't
346 867 380 928 Si
399 869 491 950 igitur
506 867 613 951 Dictys
627 863 761 928 isbularn
773 885 835 927 non
852 865 954 943 linxit,
972 886 1069 950 neque
1083 871 1175 932 etiarn

101 977 240 1058 antiquior
255 983 300 1036 est
318 973 479 1056 Sepn'mio,
501 983 566 1034 tum
582 991 655 1036 vern
667 991 763 1055 psene
776 969 951 1049 credideris,
966 971 1065 1054 ipsum
1077 971 1175 1056 Septi-

104 1083 189 1143 mium
215 1101 279 1142 eam
314 1080 514 1164 excogitasse3
545 1099 617 1140 nam
635 1079 663 1140 is
685 1079 802 1161 primns
822 1087 884 1154 est,
910 1078 964 1160 qui
986 1079 1019 1140 in
1039 1075 1176 1160 Epistola

104 1187 271 1250 dedicatoria
298 1185 414 1254 retulit.
466 1185 513 1250 Ex
535 1205 598 1270 quo
622 1195 724 1248 antem
744 1185 828 1248 fonte
846 1187 967 1268 ignotus
990 1183 1040 1246 ille
1063 1184 1176 1264 homo,

106 1313 185 1376 quens
203 1295 371 1376 scripsisse,
401 1291 598 1376 posteriorem
618 1291 731 1354 scilieet
750 1291 910 1374 Septimio,
930 1290 1095 1373 Prologum
1116 1293 1177 1354 Pe·

107 1401 221 1462 rirooins
239 1399 390 1475 affirmat,
419 1409 474 1460 ant
493 1399 584 1460 etism
602 1399 782 1482 posteriores
802 1399 923 1478 Graeci,
944 1395 1082 1479 Malelss‚
1106 1397 1179 1460 Sni-

107 1507 164 1582 dss,
183 1507 346 1581 Galenus,
366 1505 526 1585 Eudora,
550 1515 581 1568 et
600 1503 652 1566 alii
666 1503 767 1593 multi,
787 1504 841 1588 qni
856 1502 992 1567 fabulam
1012 1503 1176 1579 eelebrent,

109 1611 243 1676 heure?
282 1615 330 1678 Ex
356 1615 493 1699 Septimii
512 1612 670 1698 Epistola,
689 1615 817 1697 inquies.
858 1613 955 1696 Atqui
977 1633 1013 1675 ex
1036 1633 1072 1675 ea
1093 1634 1177 1677 eom·

110 1735 261 1780 mmorsre
280 1732 379 1784 tenne
397 1733 507 1784 ιιιειιιιιι
527 1721 701 1804 nequivere,
726 1739 797 1781 enm
812 1717 896 1780 nulla
908 1721 978 1782 insit
992 1723 1077 1784 istius
1091 1741 1179 1786 men·

112 1823 164 1886 tio:
183 1835 211 1887 et
230 1826 355 1890 llalelss
374 1825 509 1912 linguam
529 1827 669 1912 Latinam
688 1846 728 1888 ne
748 1824 894 1889 intellexit
911 1826 1049 1912 quidem,
1071 1840 1106 1891 nt
1124 1831 1179 1892 sb-

111 1929 181 1992 rmde
205 1933 344 2016 probarit
373 1935 561 2002 Hnmfrsdus
592 1934 711 1999 Hodins
742 1933 914 2019 Proiegom.
948 1937 989 2000 ed
1017 1937 1120 2001 Malel.
1145 1945 1177 2017 ς.

111 2037 243 2102 XXXVI.
284 2044 390 2127 lpsnrn
415 2045 545 2129 denique
574 2044 687 2128 Dietyn
713 2040 847 2105 iabnlsrn
868 2042 987 2107 linxisse
1007 2065 1078 2107 enrn
1099 2044 1182 2108 nitro

111 2155 217 2228 poert,
243 2159 309 2210 tum
335 2149 511 2212 Perizonius
529 2151 613 2212 Diss.
636 2147 754 2212 xxm
780 2149 846 2232 ipse
865 2149 1031 2232 profitetur.
1072 2153 1182 2215 Prolo-
1249 2157 1253 2168 '

112 2272 161 2334 gns
182 2253 271 2317 laetus
296 2251 487 2340 scriptusque
513 2266 559 2320 est
581 2255 620 2318 ab
650 2257 715 2338 ipso
737 2256 854 2318 Graeco
872 2254 1000 2340 Dictys,
1019 2261 1183 2344 antiquita·

116 2369 171 2422 tem
189 2359 359 2440 adeunte,
379 2363 508 2438 eodem
529 2365 584 2446 qui
602 2361 804 2444 Ephemerida
825 2358 898 2424 belli
922 2361 1048 2428 Troiani
1069 2368 1183 2432 Graece

117 2463 153 2526 sd
169 2478 293 2549 posteros
314 2469 408 2536 dedit.
448 2469 496 2532 Ex
515 2468 574 2532 hoe
593 2469 700 2530 Graeci
722 2469 839 2554 Dicty'n
858 2467 1007 2555 Prologo,
1030 2474 1185 2558 Epheme-

119 2573 170 2636 rili
192 2579 366 2660 mium,
399 2580 514 2660 petiere
544 2575 676 2639 isbulem
706 2579 885 2660 posteriores
916 2580 1045 2662 Generi,
1079 2587 1184 2667 quiin
1311 2606 1316 2614 ·

120 2681 315 2762 qnilsndam'
306 2686 400 2768 ipsius
425 2685 543 2768 Dictyis
572 2683 622 2746 rel
651 2683 808 2746 annuum
836 2681 888 2744 vel
916 2705 1026 2766 parum
1057 2702 1187 2753 mutasse

122 2787 205 2848 rerba
224 2789 380 2873 videnum,
409 2800 445 2853 nt
473 2811 510 2852 ex
539 2791 763 2872 eomparatione
791 2797 927 2870 apparet.
978 2792 1086 2856 Latina
1106 2804 1188 2858 veste

120 2893 267 2978 Prolognm
289 2897 447 2960 decoravit
464 2895 637 2978 Septimius,
659 2895 752 2974 idem,
772 2893 826 2978 qui
845 2903 944 2957 totum
957 2895 1069 2961 librum
1082 2899 1188 2962 Latine

119 3001 314 3087 lamponem
335 3013 390 3067 est.
432 3001 468 3064 ln
488 3001 617 3066 alienam
640 3003 820 3066 sententiam
838 3008 918 3084 repsi
931 3016 1002 3069 sunt
1021 3008 1079 3068 viri
1093 3007 1185 3084 docti,
1312 2991 1320 2998 ⁵

119 3117 160 3178 rix
176 3129 259 3202 poto,
278 3119 321 3181 ob
341 3117 541 3199 latinitatem
562 3137 661 3182 sermo
676 3117 757 3182 enirn
776 3113 901 3200 Prologi
914 3137 976 3178 nou
993 3115 1093 3177 minus
1111 3115 1187 3200 Sep-

118 3222 246 3290 t'nisnns
265 3235 336 3305 est,
355 3245 447 3309 quern
465 3225 639 3308 Epistulae:
660 3227 714 3288 sed
732 3228 804 3310 quia
817 3221 849 3289 in
863 3221 995 3307 Prologo
1008 3235 1039 3286 ει
1052 3223 1188 3307 Epistola

118 3332 251 3396 nonnulla
269 3333 329 3396 sibi
349 3333 560 3414 utrumme,
582 3345 614 3398 et
631 3335 704 3418 quis
717 3333 885 3418 Epistulam
898 3331 1031 3415 Prologo
1043 3345 1074 3394 et
1085 3332 1189 3415 Ephe-

118 3435 214 3499 rseridi
241 3437 431 3502 interiectam
460 3437 611 3523 legebant.
661 3439 697 3501 ln
725 3439 784 3502 hoe
802 3437 898 3502 altero
917 3441 1067 3502 immerito
1084 3439 1189 3502 hesse·

119 3555 197 3606 runt:
217 3548 461 3630 praeponendam
477 3551 590 3631 quippe
605 3546 773 3630 Epistolnm
789 3546 922 3632 Prologo
935 3568 1011 3629 esse,
1030 3547 1079 3610 rel
1095 3547 1189 3610 verba

118 3647 152 3710 sd
169 3649 278 3714 esloem
293 3651 418 3736 Perlegi
439 3656 536 3736 posita
555 3653 736 3736 efflagitent:
757 3663 959 3716 commutatus
979 3653 1054 3715 ordo
1073 3675 1109 3716 eo
1132 3665 1188 3731 est,

119 3759 191 3838 qnod
213 3761 245 3822 in
264 3759 332 3824 aliis
347 3761 445 3828 Codd.
465 3761 514 3824 vel
536 3760 674 3844 Epistola
693 3761 742 3824 vel
755 3761 904 3844 Prologus
916 3775 1053 3826 mustus
1065 3774 1142 3842 erat,
1157 3767 1189 3824 in

119 3863 175 3926 eliis
192 3869 331 3930 omissus.
373 3869 517 3949 Quodis
537 3879 667 3954 utroque
692 3881 889 3933 nsonnmento
908 3871 1054 3934 nonnulla
1074 3871 1192 3934 diversa

119 3975 281 4038 miratione
299 3975 434 4050 exhiberi
464 3967 636 4053 rideantur,
653 3979 686 4038 in
705 3997 794 4040 oense
813 3988 858 4040 est
871 3982 980 4061 partim
994 3976 1187 4042 librariorum

20 4089 21 4110 ¹
118 4081 277 4162 ιιιίιιιιιιίιι,
300 4083 411 4167 partim
427 4093 458 4146 ει
476 4085 636 4168 praecipue
658 4083 750 4167 ipsine
768 4083 946 4168 negligentia
965 4085 1115 4169 Septimii,
1134 4089 1188 4170 qni

120 4188 146 4246 in
169 4187 299 4274 Prologo
326 4190 493 4274 quaedem,
523 4193 611 4256 utin
632 4189 851 4274 Ephemeride‚
882 4195 1030 4258 incuriose
1049 4198 1139 4258 vertit
1159 4206 1189 4256 et
