2762 4684
360 295 411 352 ult
427 293 581 354 HOMO
596 293 737 352 rutilata
752 293 938 354 HISTORIA.
1174 294 1198 354 9

100 477 229 548 Graecia
259 489 407 560 gesserat.
458 475 601 544 Priamus
627 471 724 555 dixit,
749 475 778 542 si
806 477 855 541 cui
884 473 1059 566 displiceret
1083 479 1199 544 bellum

98 584 173 666 geri,
188 603 278 647 suam
289 585 482 648 voluntatem
495 581 640 647 ediceret.
690 577 778 644 Tunc
790 580 928 646 Panthus
940 581 1065 646 Priamo
1080 595 1111 647 et
1123 605 1199 671 prc-

98 687 222 775 pinquis
244 685 350 774 pmdit
373 705 428 766 ea,
457 707 536 772 quae
558 704 577 747 a
597 694 685 772 patre
709 705 768 749 suo
788 683 956 773 Euphorbo
979 685 1133 752 audierat:
1163 686 1201 752 Si

98 785 272 854 Alexander
291 811 423 854 morem
447 787 487 852 de
502 787 632 854 Graecia
646 783 844 868 adduxisset,
868 789 1012 854 Troianis
1026 801 1201 854 extremum

99 894 232 958 exitium
247 895 398 958 futmum:
416 891 473 958 sed
486 893 620 981 pulcrius
635 909 716 971 esse,
733 891 767 954 in
782 893 848 956 otio
859 894 959 956 vitam
972 892 1092 976 degere,
1108 915 1202 980 quam

99 998 133 1060 in
152 997 284 1061 tumultu
307 998 479 1062 libertatem
499 997 659 1074 amittere,
686 1005 718 1058 et
736 995 905 1083 periculum
925 997 1015 1062 inire.
1064 995 1201 1085 Populus

99 1097 214 1164 Panthi
233 1100 445 1164 auctoritatem
467 1098 670 1186 contempsit:
694 1118 800 1179 regem
815 1096 916 1164 dicere
929 1099 1100 1181 iusserunt,
1128 1098 1204 1188 quid

99 1202 170 1266 fieri
193 1203 297 1267 vellet.
346 1202 488 1268 Priamus
513 1200 611 1283 dixit,
630 1221 728 1265 naves
748 1201 976 1290 praeparandas
1002 1225 1089 1285 esse,
1112 1204 1204 1268 utin

101 1305 267 1372 Graeciam
285 1317 387 1370 eatan:
412 1307 556 1372 utensilia
577 1325 699 1391 quoque
715 1307 830 1392 populo
845 1328 910 1370 non
927 1305 1048 1372 deesse.
1098 1306 1205 1396 Popu-

100 1411 150 1474 lus
176 1410 396 1487 conclamavit,
421 1431 479 1498 per
505 1431 541 1474 se
561 1428 684 1472 moram
704 1429 769 1472 non
792 1429 878 1490 esse,
905 1412 1093 1497 quominus
1121 1413 1204 1493 regis

100 1514 272 1602 praeceptis
293 1523 446 1601 pareatur.
497 1511 638 1576 Priamus
658 1511 721 1575 illis
742 1531 871 1593 magnas
885 1515 999 1594 gratias
1020 1516 1101 1596 egit,
1128 1537 1206 1580 con-

102 1619 285 1701 tionemque
299 1615 428 1680 dimisit.
478 1617 520 1680 Ac
533 1636 609 1678 mox
625 1616 661 1677 in
673 1611 765 1678 Idam
780 1617 893 1678 silvam
908 1618 1010 1696 misit,
1037 1619 1089 1704 qui
1102 1630 1204 1682 mate-

101 1721 184 1784 riem
198 1718 403 1798 succiderent,
429 1739 527 1784 naves
549 1717 763 1782 aedificarent:
788 1719 1206 1808 Hectoreminsuperiorem

101 1823 273 1906 Phrygiam
300 1823 401 1901 misit,
429 1823 657 1886 mexercitum
679 1833 816 1907 pararet:
842 1833 874 1886 et
899 1824 943 1886 ita
963 1835 1087 1911 praesto
1111 1836 1206 1888 esset.

103 1923 279 1990 Cassandra
302 1937 469 2014 postquam
489 1923 610 1990 audivit
633 1926 731 2011 patris
754 1925 932 2005 consilium,
965 1923 1067 1989 dicere
1094 1927 1205 2015 coepit,

102 2049 183 2115 qnae
198 2028 343 2093 Troianis
365 2031 466 2090 futura
485 2039 605 2107 esseut,
632 2027 663 2091 si
682 2027 824 2092 Priamus
844 2041 1057 2115 perseveraret
1075 2031 1207 2096 classem

102 2133 140 2196 iu
154 2130 318 2199 Graeciam
332 2132 465 2199 mittere.

570 2300 742 2368 Camlx.
872 2297 875 2302 ’

209 2439 329 2506 Interea
342 2451 466 2529 tempus
479 2441 668 2529 supervenit.
716 2439 823 2506 Nares
838 2439 1018 2506 aedificatae
1032 2453 1121 2506 sunt:
1144 2444 1209 2506 mi-
1266 2447 1270 2484 i

106 2543 178 2608 lites
200 2557 458 2634 supervenerunt,
484 2565 562 2630 quos
577 2539 752 2608 Alexander
771 2555 804 2608 et
816 2543 1000 2632 Deiphobus
1023 2546 1057 2608 in
1071 2544 1210 2610 Paeonia

106 2649 255 2730 legerant.
304 2649 344 2714 Et
356 2649 409 2710 uhi
421 2649 526 2712 rhum
541 2660 693 2736 estposse
706 2648 863 2729 navigari,
882 2647 1024 2730 Priamus
1041 2651 1211 2714 exercitum

107 2753 287 2838 alloquitur:
312 2750 521 2816 Alexandmm
539 2751 759 2840 imperatorem
773 2753 920 2816 exercitui
937 2753 1094 2841 praeficit,
1115 2755 1211 2816 mittit

108 2877 180 2918 cum
209 2879 247 2922 eo
277 2855 492 2943 Deiphobtun,
520 2855 672 2934 Aeneam,
703 2853 979 2938 Polydamantem:
1017 2857 1211 2942 imperatque

107 2956 294 3040 Alexandro,
319 2972 354 3022 ut
365 2960 501 3045 primum
513 2958 658 3046 Spartam
673 2957 807 3037 accedat,
835 2957 998 3024 Castorem
1011 2971 1043 3022 et
1054 2958 1213 3024 Pollucem

109 3064 284 3141 conveniat,
310 3074 341 3125 et
355 3062 393 3124 ab
406 3063 459 3125 his
473 3073 573 3150 petat,
604 3073 638 3126 ut
649 3063 788 3126 Hesiona
803 3082 892 3126 seror
908 3063 976 3127 eius
987 3061 1152 3143 reddatur,
1180 3074 1213 3128 et

108 3166 187 3229 satis
204 3165 348 3230 Troianis
362 3166 434 3228 fiat:
460 3162 543 3251 quod
558 3167 586 3228 si
604 3176 784 3248 negassent,
805 3166 952 3230 continuo
966 3165 1007 3232 ad
1021 3188 1056 3232 se
1069 3170 1214 3232 nuntium

109 3267 239 3350 dirigat,
257 3279 292 3333 ut
306 3269 476 3332 exercitum
497 3269 532 3331 in
551 3267 716 3335 Graeciam
735 3270 838 3357 possit
856 3271 990 3335 mittere.
1039 3269 1115 3336 Post
1135 3273 1214 3334 haee

109 3370 283 3436 Alexander
298 3373 333 3436 in
348 3371 512 3438 Graeciam
527 3373 702 3454 navigavit,
724 3371 857 3439 adducto
872 3395 978 3438 secum
992 3371 1070 3436 duce
1086 3396 1134 3454 eo,
1160 3373 1216 3459 qui

110 3495 181 3538 cum
194 3480 349 3540 Antenore
364 3475 429 3538 iam
449 3477 661 3557 navigaverat.
711 3475 783 3541 Non
802 3480 917 3542 multos
939 3488 1011 3540 ante
1032 3476 1100 3540 dies
1121 3497 1216 3560 quam

109 3578 284 3643 Alexander
301 3580 477 3660 navigavit,
503 3591 536 3642 et
551 3592 716 3672 antequam
728 3581 764 3643 in
776 3582 910 3644 insuiam
926 3578 1113 3662 Cytheream
1127 3599 1217 3642 acce-

111 3679 207 3762 deret,
233 3681 395 3746 Menelaus
407 3703 475 3761 rex,
498 3681 538 3745 ad
551 3669 718 3747 Nestorem
728 3681 840 3766 Pylum
854 3683 1063 3770 proficiscens,
1080 3682 1217 3746 Alexan-

112 3781 169 3848 dro
185 3786 220 3848 in
233 3785 344 3849 itinere
364 3788 512 3866 occurrit,
538 3797 570 3850 et
587 3787 757 3850 mirabatur
770 3787 889 3868 regiam
909 3787 1041 3849 classem
1063 3807 1124 3870 quo
1146 3798 1215 3850 ten-

112 3885 208 3952 deret.
258 3889 389 3976 Utrique
414 3901 606 3955 occurrentes
627 3901 815 3978 aspexerunt
827 3889 1026 3969 seinvicem,
1046 3889 1140 3952 inscii
1154 3911 1217 3976 quo

112 3991 242 4078 quisque
257 3993 326 4056 iret.
378 3991 491 4060 Castor
511 4005 543 4056 et
558 3993 671 4058 Pollux
690 3991 731 4056 ad
748 3989 1009 4074 clytemnestram
1024 3993 1139 4071 ierant,
1165 4015 1218 4058 se-

112 4114 183 4156 cum
199 4096 411 4160 Hermionam
431 4107 558 4182 neptem
579 4117 686 4174 suam,
712 4095 853 4158 Helenae
873 4097 989 4175 filiam,
1015 4092 1220 4160 adduxerant.

112 4196 199 4278 Argia
211 4197 341 4264 Iunonis
365 4199 435 4266 dies
455 4203 554 4264 festus
573 4211 640 4264 erat
653 4199 704 4263 his
720 4196 845 4279 diebm,
872 4200 984 4286 quibus
997 4197 1172 4266 Alexander
1185 4201 1219 4266 in
