2782 4700
439 430 533 478 nanti
565 429 707 478 tautam
732 429 798 478 tto.
821 431 858 476 r.
1117 407 1189 478 203

97 618 149 694 ad
188 618 413 720 reficiendas
445 646 557 699 naves
589 619 782 696 conducit.
851 618 1066 726 Composita
1097 613 1188 696 dein

99 737 283 813 universe
309 739 444 830 classe,
476 737 546 813 ubi
572 756 709 812 cuncta
737 736 885 839 navigia
911 735 1116 820 instructa,
1150 755 1190 813 et

100 855 324 956 praemium
349 855 587 957 persolutum
613 871 676 942 est,
705 853 842 927 iubent
868 850 987 927 nostri
1012 875 1189 955 peragere

100 969 293 1073 incoepta.
344 975 477 1074 ltaque
502 969 692 1044 destructa
719 990 920 1043 murorum
947 987 1073 1072 parte,
1099 991 1190 1042 cum

100 1083 189 1158 ioco
224 1083 452 1187 lasciviaque
482 1084 669 1158 induxere
694 1109 862 1186 equum,
897 1081 1052 1157 feminis
1086 1080 1190 1155 inter

98 1223 137 1271 se
163 1215 284 1301 atque
309 1199 399 1273 viris
424 1201 599 1275 certatim
624 1199 815 1275 attrahere
841 1197 1117 1274 festinantibus.

202 1315 288 1389 ΧΠ.
338 1315 497 1391 Interim
517 1316 664 1402 Graeci,
689 1314 758 1389 ubi
776 1331 913 1390 cuncta
934 1313 1094 1388 navibus
1119 1311 1189 1384 im·

98 1429 225 1534 posita
251 1449 359 1519 suut,
385 1431 547 1506 incensis
570 1431 746 1507 omnium
775 1427 1031 1506 tabernaculis
1056 1425 1105 1502 ad
1131 1426 1186 1502 Si·

100 1571 217 1644 geum
241 1545 432 1638 secedunt,
461 1545 594 1649 ibique
613 1565 763 1622 noctem
783 1544 1054 1651 opperiuntur.
1104 1545 1189 1617 Fes-

99 1663 148 1735 sis
169 1659 310 1734 deinde
331 1665 455 1738 multo
479 1664 569 1737 sino
589 1681 707 1766 atque
720 1689 852 1738 somno
875 1659 1057 1748 barbaris,
1088 1683 1188 1761 quae

100 1795 270 1878 utraque
296 1803 366 1882 per
392 1779 576 1854 laetitiam
597 1779 916 1880 securitatemque
943 1775 1045 1880 pacis
1070 1775 1189 1848 inter·

101 1912 304 1985 venerant,
342 1895 466 1971 multo
500 1895 653 1970 silentio
688 1893 737 1968 ad
770 1895 962 1969 civitatem
995 1892 1185 1992 navigant,

99 2027 289 2083 servantes
313 2009 487 2114 signum,
513 2007 618 2113 quod
643 2010 723 2113 igni
749 2011 848 2085 elato
873 2008 1002 2098 Sinon,
1029 2005 1077 2081 ad
1102 2031 1186 2080 eam

101 2147 184 2196 rem
210 2123 306 2197 clam
329 2127 482 2230 positus,
507 2125 726 2202 sustulerat:
756 2149 919 2230 moxque
939 2145 1069 2198 omnes
1088 2137 1189 2228 post-

100 2345 398 2378 ——---s-·

105 2497 160 2550 que
176 2480 203 2534 S.
230 2481 303 2534 Gall.
321 2481 394 2545 MS„
420 2483 527 2554 argent.
553 2479 708 2542 Obreettt.
732 2489 814 2555 sique
844 2483 871 2534 in
895 2481 960 2536 eod.
985 2483 1092 2535 lleinsil
1112 2479 1185 2550 apud

106 2551 249 2604 liursnsnn.
267 2554 301 2604 sd
320 2553 491 2618 Virgil.Acu.
512 2553 545 2609 11.
562 2557 621 2621 ²34.
656 2553 764 2608 Phrssis
779 2557 912 2608 semiruta
930 2555 1038 2607 moenia
1057 2553 1186 2622 frequens

105 2623 255 2744 ‘ellim’
281 2625 432 2688 Sallustio,
459 2623 571 2688 Tacito,
595 2625 731 2694 Apuleio,
756 2625 825 2676 aliis.
851 2642 874 2676 v.
893 2623 1061 2682 steininen,
1080 2624 1109 2672 iu
1127 2620 1185 2672 lud.

104 2709 121 2744 s
194 2707 231 2742 or.

102 2774 276 2884 anilii?
292 2781 414 2890 ttttt'
430 2763 580 2904 11111111
600 2761 1066 2906 .{.‘lsil’·‘i.'.'l,ii³‘i2a¹..i'tiit
1078 2777 1187 2882 ”titt

101 2901 235 2964 Meretri,
250 2919 302 2955 nce
318 2921 373 2956 nou
394 2906 549 2957 Gronovius
570 2902 646 2956 Obss.
668 2903 765 2955 Eceles.
786 2923 807 2954 c.
825 2905 878 2962 25..
898 2903 940 2954 eni
962 2901 1050 2956 Vossii
1071 2903 1137 2960 Coti,
1157 2905 1187 2956 its

101 2973 228 3024 manibus
246 2973 307 3026 luit.
343 2973 422 3041 Quae
440 2973 475 3026 ob
495 2977 690 3027 sententiarum
709 2977 806 3025 seriens
825 2974 920 3025 niriior
939 2974 1022 3024 lectio
1041 2981 1088 3024 est.
1119 2971 1186 3024 Nam

101 3045 252 3114 composite
282 3045 413 3098 universo
438 3047 526 3099 etam
551 3053 604 3098 cst:
634 3045 747 3098 navibus
775 3045 871 3096 ordine
895 3045 1006 3108 positis,
1033 3053 1063 3096 ut
1091 3045 1121 3094 ll.
1146 3063 1187 3101 sn.

102 3133 184 3168 naves
203 3118 234 3166 in
252 3113 378 3168 ordinem
395 3119 570 3184 compositus.
605 3114 675 3167 'l'uns
696 3115 814 3185 navigia
833 3115 970 3170 instructo
990 3121 1048 3166 ost:
1077 3115 1187 3184 remigi·

102 3185 155 3235 tus
176 3186 344 3254 reliquisque
362 3186 480 3236 nauticis
501 3187 688 3238 instrumentis
702 3186 850 3256 completam
874 3196 903 3236 ut
924 3185 1046 3256 loquitur
1070 3187 1144 3254 Sept.
1164 3203 1187 3243 r,

105 3274 142 3322 ις.
181 3255 264 3306 initio
278 3255 399 3326 lenique
417 3271 473 3326 seq.
490 3271 565 3326 cap„
588 3255 635 3308 uti
653 3257 878 3310 concessionibus
897 3259 1060 3324 composito,
1080 3265 1188 3308 ceterae

100 3343 143 3376 res
162 3326 331 3379 necessariae
348 3325 544 3396 intelligendae
561 3335 635 3382 arsut,
671 3327 796 3379 Nostrum
824 3341 935 3396 quoque
951 3329 1003 3382 loc.
1023 3329 1188 3394 respiciens,

101 3396 221 3448 Gronov.
243 3394 322 3447 Otss.
341 3396 442 3454 Eccles.
462 3413 483 3448 c.
504 3415 545 3449 ss.
565 3397 663 3461 docet,
689 3399 833 3468 navigium
851 3415 899 3467 pru
920 3399 1014 3468 quasis
1032 3399 1113 3448 otiam
1132 3413 1189 3448 nss·

100 3484 152 3535 gns
171 3467 251 3530 navt,
269 3467 403 3538 sequioris
423 3483 481 3520 esse
502 3467 654 3519 latinitatis.

172 3537 268 3589 iubent
287 3539 388 3606 nostri)
424 3537 463 3589 lta
483 3549 590 3608 praeter
609 3537 694 3590 libros
715 3554 789 3590 mres
809 3545 837 3590 et
854 3536 903 3590 Ed.
922 3535 990 3594 Obr.
1008 3542 1090 3588 etiam
1109 3538 1188 3596 MSS.

100 3605 293 3676 (lnslendorpii
320 3607 357 3658 atl
386 3609 499 3665 Sueten.
522 3608 657 3677 Vespa&
676 3607 717 3660 ‚tt
737 3610 847 3662 nostris.
868 3617 962 3660 contra
977 3609 1078 3660 iustum
1098 3625 1188 3660 rerum

99 3675 235 3734 ordinem.
270 3678 344 3730 lnlra
361 3679 389 3735 S.
407 3679 476 3730 Gstt
496 3695 560 3746 opp.
580 3680 658 3742 ioco,
677 3695 730 3736 om.
750 3697 819 3734 crem.

171 3746 227 3797 titt
263 3749 367 3801 incesse.
384 3767 435 3800 ons.
456 3750 658 3816 tabernuculis)
695 3750 766 3802 Crat.
793 3749 915 3802 incensis
935 3747 1059 3800 omnibns
1077 3746 1116 3800 nal
1133 3749 1189 3814 seg.

101 3817 188 3873 wass,
208 3815 244 3867 sil
269 3817 335 3868 Sall.
359 3819 415 3884 lug.
439 3837 494 3872 tro.
513 3820 580 3888 legit
607 3818 805 3872 hibernaculis.
843 3821 877 3868 tt
897 3817 945 3868 lib.
967 3821 999 3868 ΙΙ.
1019 3820 1062 3884 45.
1081 3819 1112 3868 s'n
1129 3821 1188 3870 suis

120 3889 219 3959 uisque
245 3887 434 3942 tabernacutis
460 3892 669 3960 requiescentes.
713 3891 777 3943 Mox
803 3891 828 3942 S·
858 3887 927 3938 Gaii.
957 3894 1071 3957 uterque
1096 3895 1124 3936 et
1140 3888 1187 3938 Eri.

99 3907 186 4008 ltine.
213 3959 331 4026 Sigeum.
360 3960 449 4012 Recte.
475 3960 566 4012 Graec.
592 3963 719 4028 Σίγειον.
744 3959 784 4012 ΔΙ.
809 3959 956 4030 Sigerum.l
989 3959 1015 4007 S.
1036 3957 1107 4008 Gall.
1125 3975 1190 4027 opp,

98 4029 213 4084 silentio
233 4026 428 4100 adnavigant,
456 4047 509 4080 orn.
528 4032 680 4088 civitatem.

169 4096 211 4150 sd
225 4116 285 4150 eom
307 4117 363 4152 rem
382 4102 453 4154 clam
470 4103 587 4172 positus)
631 4098 738 4152 Vellem
762 4099 881 4152 rationes
903 4098 1072 4168 exposuisset
1089 4095 1188 4164 Wopl.

98 4183 127 4233 p.
144 4184 187 4234 9²·
206 4185 256 4222 cur
276 4169 329 4222 lsoc
349 4171 439 4222 minus
458 4189 606 4241 congruum
624 4172 711 4223 rideri
733 4169 824 4230 (licet,
846 4169 979 4290 nsalitquc
999 4165 1038 4220 ud
1053 4185 1113 4220 eum
1133 4187 1189 4221 rem

100 4239 264 4307 conspissatus
309 4241 417 4292 Posirus
446 4242 462 4292 i.
480 4257 506 4296 r,
528 4243 710 4305 constitutus,
727 4239 890 4300 destinatus.
945 4257 974 4294 ro
990 4239 1143 4295 sustulerat
1160 4243 1188 4299 S.

99 4310 249 4382 Gattupp.
268 4312 390 4366 sustulnt
411 4313 459 4366 tt.
479 4313 549 4366 Crat.
568 4317 681 4367 tulerat.
