2726 4686
398 395 497 444 annu
523 394 670 446 morsm
696 397 761 445 ms.
790 397 828 445 rt.
1113 380 1161 450 65

165 589 250 668 XV.
301 589 375 662 Per
408 585 513 662 idem
545 604 697 692 tempus
727 581 931 662 Diomedes
962 605 1001 664 et
1033 587 1163 669 Ulixes

70 708 273 786 consilium
299 701 348 777 de
369 703 638 782 interficiendo
659 701 862 778 Palamede
881 703 1032 800 ineunt,
1058 732 1165 782 more

69 823 209 928 ingenii
244 819 428 910 humani,
462 819 569 922 quod
602 818 813 895 imbellum
829 817 1031 930 adversum
1055 819 1164 898 dolo-

70 965 125 1014 res
147 936 269 1013 animi
293 953 333 1012 et
357 933 526 1010 invidiae
545 935 718 1042 plenum,
745 935 886 1011 anteiri
908 960 982 1012 sea
1002 937 1162 1014 meliore

70 1054 172 1130 baud
203 1053 318 1129 facile
351 1052 510 1158 patitur.
569 1055 695 1156 Igitur
723 1053 922 1145 simulato,
948 1052 1056 1157 quod
1081 1053 1164 1132 the-

70 1195 223 1246 saurum
257 1187 456 1274 repertum
489 1169 532 1246 in
566 1188 685 1274 puteo
721 1196 811 1246 cum
843 1189 888 1247 eo
924 1169 1064 1278 partiri
1085 1172 1163 1246 vel-

71 1287 163 1379 lent,
191 1284 350 1362 rcmotis
375 1286 512 1390 procul
534 1287 715 1363 omnibus
732 1286 976 1392 persuadent,
1002 1289 1062 1366 mi
1081 1289 1164 1394 ipse

70 1403 192 1508 potius
217 1399 489 1477 descenderet:
526 1425 694 1504 eumque
720 1401 821 1478 nihil
856 1402 1028 1480 insidiosi
1060 1431 1163 1481 sum·

71 1536 320 1608 metuentem,
346 1515 586 1594 adminiculo
608 1518 713 1594 funis
731 1544 845 1594 usum
867 1516 1089 1624 deponunt3
1113 1547 1161 1596 ac

70 1659 226 1738 propere
245 1633 409 1736 arreptis
426 1633 532 1722 saxis,
557 1659 657 1735 quae
676 1633 971 1725 circumerant,
997 1634 1162 1741 desuper

76 1749 256 1825 obruunt.
306 1753 363 1823 lta
398 1748 458 1822 vir
490 1751 659 1852 optimus
692 1767 946 1854 acceptusque
981 1750 1024 1829 in
1056 1777 1161 1828 exer-

71 1863 164 1957 citu,
199 1867 313 1942 cuius
346 1891 472 1968 neque
497 1866 702 1942 consilium
727 1893 904 1970 unquam
930 1894 1058 1973 neque
1083 1871 1159 1947 vir·

73 1999 128 2058 tm
149 1981 292 2058 frustra
319 1983 415 2076 fuit,
450 1981 735 2059 circumventus
766 2013 788 2060 a
821 1985 966 2088 quibus
994 1985 1158 2061 minime

72 2095 264 2183 decuerat,
290 2095 452 2202 indigno
477 2097 592 2174 modo
617 2099 778 2178 interiit.
827 2098 901 2177 Sed
924 2101 1052 2194 suere,
1085 2101 1159 2206 qui
1197 2145 1199 2150 ·

74 2369 180 2424 senem
198 2369 332 2444 Orellius)
351 2371 386 2425 ab
406 2371 494 2426 sccol.
512 2371 698 2438 dicebantur,
720 2375 817 2429 solitos
838 2373 906 2428 med·
942 2373 971 2430 S.
994 2373 1065 2427 Gall.
1090 2389 1165 2446 opps

72 2439 145 2494 ines
166 2461 250 2497 saera
272 2443 396 2496 Vulcano
423 2445 562 2497 antistites
589 2443 684 2504 tutat,
708 2447 745 2498 ab
770 2463 830 2506 ace.
851 2445 1034 2509 dicebamur,
1059 2447 1157 2500 solitos

70 2509 130 2564 ned
153 2515 230 2565 Bern.
249 2516 426 2568 insessori
445 2515 541 2566 antiss.
569 2513 663 2566 inliso,
692 2517 727 2568 ab
754 2533 814 2570 occ.
844 2516 1030 2578 dicebantur,
1056 2518 1157 2571 solitos

71 2581 132 2634 nea
150 2585 197 2643 Ed.
218 2587 303 2637 Ptine.
324 2587 356 2636 in
373 2602 408 2638 ea
426 2595 541 2638 saerata
563 2587 687 2641 iirlcone
714 2589 832 2640 antistes
858 2587 914 2640 inlr,
937 2587 973 2640 ab
997 2603 1054 2639 acc.
1078 2584 1157 2642 dice·

72 2651 180 2717 lenm,
204 2656 300 2709 solitos
318 2653 388 2710 med.
423 2655 556 2706 Lemnum
582 2655 699 2708 insulam
719 2659 842 2708 Vulcano
862 2658 947 2710 fuisse
972 2673 1092 2718 sacram,
1111 2674 1155 2708 res

70 2731 129 2776 note
149 2734 197 2778 est.
237 2725 462 2778 Emendationem
481 2723 628 2779 dicebatur
645 2729 717 2779 ultro
737 2727 841 2780 obtulit
857 2727 933 2779 MSS.
954 2727 1051 2791 leetio;
1070 2735 1156 2798 etque

71 2791 99 2844 in
116 2797 314 2848 eomtrnetione
332 2793 416 2848 huius
434 2795 510 2848 verbi
532 2813 588 2848 non
614 2806 655 2849 est
683 2798 757 2868 quod
784 2797 920 2849 offendas:
949 2815 1010 2848 nam
1038 2796 1085 2846 lib.
1106 2799 1155 2860 tt,

69 2877 108 2916 ss.
131 2867 222 2932 fertur
240 2868 377 2922 Oenonsm
400 2879 560 2920 commotam
584 2884 650 2925 esse.
688 2867 728 2918 td
748 2866 796 2920 dei
817 2867 905 2920 intell.
924 2865 1007 2918 huius
1026 2865 1152 2922 Vulcsni.

69 2933 221 2990 inhabitare
240 2941 274 2990 s'n
300 2939 363 2990 loco
382 2935 452 2989 dicit
479 2937 562 2988 etiarn
589 2938 658 2992 Plin.
675 2937 707 2991 ll.
725 2937 757 2990 Ν.
777 2937 823 2991 x1.
842 2941 884 3008 37.
903 2954 924 2992 s.
944 2941 986 3006 54·
1010 2937 1153 2993 intactus

69 3009 170 3060 seim
188 3009 222 3060 in
238 3009 336 3061 oculis.
357 3008 406 3058 ubi
426 3008 457 3060 al.
476 3006 594 3060 habitet.

130 3077 185 3130 XV.
221 3079 371 3147 isabellam)
408 3077 476 3130 Crat.
496 3077 671 3132 imbecillum.
689 3082 722 3128 ul
742 3073 857 3130 exhibet
874 3075 957 3130 etiam
974 3077 1097 3132 Dresem.
1115 3080 1153 3134 etl

68 3144 115 3204 los.
131 3148 215 3200 nean
234 3148 271 3200 V.
289 3153 348 3204 283.
366 3167 391 3204 v·
410 3147 522 3201 Prnesat.
542 3166 569 3216 p.
587 3145 703 3200 xxxtx.

128 3219 202 3272 nittt
220 3217 352 3272 insidiosi
371 3223 603 3280 summssusnteml
638 3220 680 3270 lta
698 3213 849 3270 rescribere
866 3214 973 3285 risum,
994 3215 1094 3268 collate
1112 3217 1151 3269 li.

69 3281 169 3341 brorum
193 3307 264 3359 quos
286 3290 342 3341 ridi
366 3292 531 3359 scriptorum
561 3298 590 3342 et
616 3289 752 3341 editorum
776 3287 896 3340 lectione
920 3284 994 3338 nilsil
1017 3285 1152 3342 insidiose

70 3355 137 3422 (Cod.
158 3359 270 3412 uetusti
297 3359 451 3424 insidiosi,
480 3367 552 3414 teste
577 3361 726 3412 Burmann.
753 3357 788 3410 ad
814 3357 893 3410 ovid.
919 3355 987 3413 Met.
1009 3357 1067 3416 vtl,
1085 3357 1149 3431 444)

70 3441 232 3493 nmmum,
253 3447 315 3484 cum
335 3447 383 3494 ea,
411 3448 493 3502 quarn
519 3430 653 3484 exhibent
676 3429 805 3482 Obrecht
830 3437 859 3480 ct
886 3425 1007 3478 Perizon.
1030 3429 1099 3480 Dies.
1124 3429 1149 3501 5.

71 3495 118 3557 Π.
134 3503 207 3555 nibil
223 3497 258 3554 ds
276 3501 390 3554 insidiis
406 3515 636 3556 summetuentsm.
672 3499 811 3551 librarios
835 3511 1031 3560 summetuere,
1052 3507 1150 3568 utpote

71 3565 181 3632 irnesnn
199 3571 335 3634 verbum,
359 3575 472 3626 eiecisse
497 3579 526 3624 et
546 3575 657 3642 vulgare
681 3585 801 3627 metuere
826 3570 982 3646 reposuisse
1000 3571 1149 3638 probabile

72 3647 113 3692 est.
128 3643 160 3694 et
180 3642 299 3698 Praelat.
314 3660 341 3714 p.
361 3643 438 3698 XLV.

127 3713 171 3766 lu
189 3715 252 3780 vir)
288 3711 315 3768 S.
335 3713 407 3766 Gall.
424 3729 477 3766 see.
497 3713 541 3766 tx.
559 3715 605 3767 Ita
624 3723 656 3765 us
674 3713 724 3766 vir.

130 3797 311 3856 “septusque
329 3785 362 3837 in
378 3789 515 3846 exercitu)
549 3783 592 3836 De
612 3783 708 3836 eodem
726 3777 870 3837 Palamede
888 3793 917 3830 es
938 3813 944 3828 .
966 3793 1008 3849 ²9-
1039 3791 1149 3851 gruem

68 3867 254 3927 ‘cespes-que
279 3855 312 3908 in
332 3859 463 3908 exercitu.
499 3857 626 3908 Attamen
644 3851 825 3923 vindingius,
850 3865 904 3920 quo
950 3853 1071 3914 mireris,
1094 3851 1149 3921 legi

69 3919 139 3975 iubet
159 3937 342 3998 arcemque
362 3929 507 3989 exercitu,
524 3941 596 3997 pro:
618 3925 765 3990 exercitui,
787 3937 870 3994 quesn
889 3919 1017 3973 Dntisnm
1035 3922 1148 3974 omnino

67 3993 162 4060 spresn
178 3997 338 4065 Septimius

129 4067 407 4208 tittxttlisi
427 4061 1058 4200 ifllt‘t,ii‘ilf'ttfflttittt
1073 4131 1149 4188 cm

67 4201 371 4275 susustinetis.
409 4207 457 4262 Ed.
476 4207 557 4260 uere.
578 4215 607 4260 et
631 4207 703 4258 crat.
740 4201 902 4264 debuerat,
925 4207 957 4252 ut
983 4201 1149 4255 elucidem

66 4271 135 4326 Cosa
153 4273 189 4328 ssi
208 4274 273 4330 Sall.
292 4277 349 4348 lug.
368 4277 411 4349 59.
431 4298 457 4332 n.
494 4280 629 4349 Receptse
647 4275 761 4332 lectioni
773 4275 846 4330 isset
858 4270 1047 4330 Sallustius-s·
1059 4271 1148 4328 Gloss.

104 4391 229 4433 arcese.
404 4450 409 4464 Ι
874 4363 896 4424 5
