2762 4684
175 325 201 390 0
553 323 712 386 onem
728 321 885 384 eunucu

176 507 295 588 contis,
318 505 475 591 lnyritus.
524 505 666 574 Priamus
679 505 862 593 inPlrrygie
877 518 961 589 eret,
979 507 1035 572 ubi
1052 527 1126 573 eum
1141 507 1281 576 Lrnme-
1358 501 1359 514 ¹

180 608 296 693 don,
266 632 335 676 enus
347 623 445 700 peter,
458 613 607 700 exercitui
621 615 819 714 praefecerat.
867 597 1017 677 Hercules
1033 623 1065 676 et
1081 613 1137 699 qui
1150 635 1221 678 cnm
1239 637 1282 679 en

178 727 342 796 renerent,
366 714 516 803 praedem
528 697 842 799 megnnnfec'emnt,
868 727 900 780 et
922 716 963 781 nd
977 737 1076 782 neres
1093 715 1282 806 deportare·

179 831 260 886 runt·
310 816 388 890 Inde
409 817 537 883 domurn
555 821 710 910 proticisci
725 819 938 887 decreverunt.
986 819 1143 886 Telamon
1163 821 1281 888 Resin-

180 924 539 994 mmtecumconrexit.

640 1091 732 1162 Ger.
757 1091 817 1162 IV.

282 1233 354 1300 Hoc
374 1229 430 1297 ubl
448 1228 573 1296 Priamo
598 1229 774 1294 nundetunr
792 1207 856 1312 ist,
881 1238 1002 1318 petrem
1020 1228 1178 1310 ncdsum,
1200 1229 1282 1294 eires

182 1333 336 1424 direptos,
360 1331 510 1424 praedem
530 1345 687 1413 erectam,
709 1335 885 1399 Hesionam
905 1277 1178 1399 sororemldono
1170 1331 1282 1412 darm,

183 1439 337 1533 graviter
337 1440 424 1520 tulit,
456 1449 523 1502 tem
548 1439 772 1503 contumeliose
791 1436 962 1541 Phrygium
982 1449 1144 1502 tractatam
1166 1459 1240 1502 esse
1265 1457 1285 1500 n

184 1543 300 1612 Greile.
330 1485 443 1608 lliuin
470 1541 550 1630 petit
576 1563 648 1606 cum
671 1543 800 1606 Hecube
829 1561 928 1606 uxore
946 1552 991 1605 ¹et
1012 1542 1119 1606 liberis
1141 1541 1284 1621 Hectore,

183 1644 369 1727 Alexandro,
394 1629 577 1733 Deiphobo,
597 1647 728 1725 Heleno,
754 1644 873 1724 Troilo,
899 1642 1125 1726 Andromache,
1150 1643 1361 1722 Canen-1

184 1749 258 1830 dre,
282 1750 454 1832 Polyxena.
504 1748 587 1818 Nem
607 1761 695 1813 erent
714 1749 745 1812 ei
772 1749 869 1814 etiem
892 1749 946 1812 olii
965 1749 1024 1812 lilii
1045 1771 1088 1814 cx
1108 1749 1284 1813 concubinis

184 1854 270 1934 netis
295 1851 353 1917 sed
374 1873 468 1915 nemo
491 1873 533 1916 ex
555 1853 641 1935 regio
656 1873 769 1934 genere
784 1850 865 1916 dixit
878 1873 965 1931 esse,
985 1853 1047 1916 nisi
1066 1873 1143 1934 eos,
1169 1855 1223 1938 qui
1235 1873 1284 1916 es-

108 1993 112 2007 ·
186 1968 257 2022 sent
278 1979 320 2021 ex
339 1956 488 2037 legitimis
506 1959 667 2026 uxoribus·
715 1955 859 2021 Priamus
874 1966 907 2018 nt
922 1955 1015 2020 Ilium
1026 1958 1134 2036 renit,
1158 1958 1285 2021 minime

185 2081 309 2128 murem
321 2061 409 2139 lecit,
435 2060 585 2146 ampliora
606 2059 732 2123 moenie
749 2059 915 2140 exstruxit,
936 2061 1097 2124 civitatem
1114 2059 1286 2126 munitissi-

187 2183 275 2234 mem
290 2161 444 2244 reddidit,
470 2173 502 2226 et
518 2165 654 2226 militum
670 2161 900 2227 multitudinem
914 2163 960 2226 ibi
975 2184 1046 2228 esse
1059 2165 1147 2242 lecit,
1172 2185 1219 2228 ne
1238 2185 1286 2252 per

188 2269 396 2352 ignorantiam
409 2267 642 2354 opprimeretur,
667 2267 711 2330 ite
726 2279 760 2328 ut
777 2245 961 2332 Laomedon
975 2278 1064 2356 peter
1077 2269 1146 2331 eins
1161 2287 1287 2356 oppres-

190 2393 245 2440 sus
260 2383 318 2438 est.
356 2370 502 2452 Regiam
523 2393 645 2457 quoque
661 2369 853 2450 aedificavit,
879 2381 911 2434 et
928 2371 975 2434 ibi
989 2368 1060 2435 lori
1072 2371 1192 2436 Statori
1208 2391 1287 2434 erem

190 2475 393 2542 consecravit.
442 2473 642 2541 Hectorem
631 2498 665 2538 ιιι
683 2473 854 2538 Paeonium
873 2475 977 2553 misit,
995 2449 1061 2539 ‘Ilio
1083 2487 1194 2562 portes
1210 2476 1286 2552 iecit,

190 2579 653 2668 quarumheeosnntnnmine·
678 2575 861 2656 Antenorea,
884 2575 1059 2657 Dardanio,
1084 2577 1161 2657 llie,
1184 2578 1288 2656 sees,

191 2681 403 2766 Thymbraee,
429 2679 578 2752 Troiane.
628 2677 751 2746 Deinde
766 2692 932 2768 postquem
943 2680 1036 2745 Ilium
1053 2681 1274 2746 stabiliorm'
1239 2703 1290 2746 ιι-

193 2781 249 2868 dir,
274 2797 397 2874 tempus
410 2785 613 2872 exspectavit.
663 2784 706 2850 Ut
719 2785 824 2848 visum
841 2795 888 2846 est
905 2784 951 2864 ei,
978 2785 1073 2872 panis
1096 2786 1227 2854 imario
1244 2785 1291 2846 ut·

134 2967 139 2983 Ι
155 2949 163 2968 ·.
193 2889 287 2970 circi,
312 2889 500 2954 Antenorem
514 2888 621 2953 roceri
634 2887 736 2968 iubet,
758 2885 892 2972 dicitque
906 2889 951 2966 ei,
974 2889 1056 2951 velle
1071 2909 1107 2952 se
1123 2911 1199 2954 eum
1211 2891 1291 2970 legs·

96 3021 107 3055 ·.
193 3003 262 3060 tum
280 2993 314 3060 iu
335 2989 499 3060 Graeciam
517 2993 658 3060 mitteres
689 3012 784 3077 quum
801 3009 913 3070 graves
936 2991 998 3054 sibi
1017 2992 1148 3056 iniurias
1171 2993 1212 3055 eb
1236 2995 1292 3072 his,

195 3095 250 3180 qui
263 3115 335 3158 curn
351 3095 487 3164 exercitu
505 3105 670 3174 renerent,
696 3095 793 3156 lectas
810 3087 849 3157 in
861 3093 1085 3160 Laomedontis
1103 3097 1200 3182 petris
1220 3117 1292 3160 nece

195 3207 229 3259 et
245 3196 281 3258 in
293 3194 478 3261 abductione
492 3199 651 3266 Hesionae
666 3199 857 3283 pertulisset,
885 3198 992 3262 omnie
1013 3208 1120 3262 temen
1137 3219 1240 3288 ecque
1260 3219 1292 3263 se

196 3299 304 3366 enimn
319 3318 501 3392 passurum,
526 3301 708 3371 siliceione
720 3300 751 3366 ci
766 3297 956 3368 redderctru.

672 3469 766 3537 cre.
790 3472 836 3539 V·

250 3577 254 3648 l
299 3605 453 3688 Antenor,
477 3616 513 3670 ut
537 3605 680 3673 mamus
707 3607 887 3696 imperarit,
912 3605 1023 3675 nerim
1045 3605 1240 3688 conscendit,
1265 3619 1294 3672 et

198 3712 355 3800 proiecere
373 3711 462 3778 renit
475 3709 671 3794 Magnesiam
691 3711 731 3776 od
749 3714 889 3778 Peleum.
944 3708 1050 3793 Quem
1067 3713 1181 3778 Peleus
1195 3711 1293 3777 triduo

199 3815 332 3904 recepits
355 3811 406 3878 die
433 3827 542 3900 querto
565 3827 655 3898 roget
675 3837 765 3896 enm,
791 3813 867 3902 quid
887 3817 1019 3881 venerit.
1068 3816 1207 3881 Antenor
1227 3815 1295 3880 dicit

200 3937 250 3998 ee,
271 3937 351 4004 quse
364 3937 383 3980 e
396 3915 523 3984 Priamo
535 3917 683 3984 mandute
697 3930 792 3997 erent,
812 3931 847 3984 ut
860 3916 974 3984 Greios
986 3921 1166 4008 postularet,
1188 3931 1222 3984 ut
1234 3919 1295 3984 He·

200 4018 294 4084 sione
310 4015 500 4088 redderetur.
547 4021 635 4090 Haec
655 4023 709 4086 ubi
728 4021 839 4090 Peleus
853 4019 987 4102 audivit,
1008 4025 1145 4104 grevitm
1164 4024 1294 4100 tuliteo,

200 4117 287 4206 quod
308 4123 387 4188 hren
389 4125 557 4223 pertinere
580 4121 622 4188 ed
642 4146 677 4190 se
691 4124 838 4194 videbat:
863 4125 950 4190 iubet
962 4145 1035 4190 eum
1051 4123 1093 4190 de
1106 4125 1221 4190 finibus
1237 4127 1296 4190 suis

200 4217 392 4294 discedere.¹
420 4224 557 4296 Antenor
573 4228 654 4298 nihil
672 4241 810 4300 moreou
827 4229 938 4298 onom
952 4227 1107 4312 mendic,
1133 4223 1297 4298 secundnm
