2782 4700
227 294 301 378 23⁴
605 316 721 368 nicrrs
744 315 920 368 oamnsus

226 511 328 588 temo
341 506 573 588 Hermionae
593 505 893 597 matrimonium,
915 502 1069 584 insidias
1088 503 1306 582 advenienti

227 639 364 732 parare
389 623 539 730 occipit.
589 627 724 727 Itaque
750 622 878 728 primo
903 647 950 698 ex
975 621 1043 714 his,
1068 649 1164 726 quos
1179 649 1307 700 secum

228 741 395 818 habebat
419 767 536 844 quam
566 739 779 824 fidissimos,
804 739 1043 844 speculatum
1068 737 1115 814 de
1139 737 1306 814 adventu
1369 731 1370 742 ¹

228 856 466 962 Neoptolemi
496 855 666 961 Delphos
695 854 827 932 mittit
877 853 974 952 Quis
997 853 1155 957 cognitis
1179 857 1307 930 Mene-
1368 856 1369 861 ’

225 974 321 1062 laus,
349 972 469 1048 vitare
488 971 753 1048 huiuscemodi
771 970 921 1048 facinus
942 970 1109 1075 cupiens,
1134 973 1308 1076 Spartam

229 1087 414 1165 concedit.
463 1087 535 1166 Sed
561 1088 643 1180 illi,
680 1087 750 1191 qui
775 1086 968 1193 praemissi
993 1106 1122 1176 erant,
1155 1085 1308 1188 regioni

227 1205 520 1308 Neoptolemum
553 1203 716 1308 Delphis
751 1228 827 1280 esse
857 1219 1009 1305 negant.
1068 1202 1197 1299 Quare
1227 1227 1308 1276 ooa-

228 1336 312 1394 ctus
337 1317 485 1394 Orestes
510 1319 589 1424 ipse
614 1316 664 1392 ad
689 1317 979 1421 inquisitionem
1004 1315 1077 1392 viri
1101 1313 1307 1420 profectus,

228 1433 306 1510 alio
331 1459 449 1537 quam
481 1433 577 1509 ierat
603 1423 665 1510 die
700 1450 860 1518 remeat,
892 1450 939 1509 ut
963 1458 1085 1508 sermo
1100 1431 1308 1536 ¹hominurn

228 1550 435 1641 serebatur,
461 1552 612 1653 negotio
631 1551 808 1655 perfecto.
854 1550 957 1626 Dein
976 1567 1060 1655 post
1078 1575 1217 1654 paucos
1233 1547 1308 1622 dies

229 1665 331 1742 sama
365 1667 579 1772 perfertur,
616 1666 786 1743 interisse
811 1667 1121 1772 Neoptolemum:
1147 1686 1308 1765 eumque

231 1806 405 1858 sermone
441 1781 617 1858 omnium
650 1781 957 1858 circumventum
991 1778 1138 1856 insidiis
1161 1777 1308 1860 Orestis,

231 1922 304 2004 per
332 1899 524 2002 populum
560 1897 838 1974 disseminatur.
896 1903 954 1976 Ita
980 1896 1146 1987 iuvenis,
1170 1894 1239 1970 uhi
1263 1892 1307 1966 dc

231 2013 381 2118 Pyrrho
406 2014 533 2118 palam
557 2031 629 2100 est,
664 2033 814 2119 recepta
838 2013 1068 2118 Hermiona,
1105 2036 1205 2114 quae
1239 2005 1305 2082 sibi

231 2146 343 2203 antea
368 2117 590 2232 desponsata
612 2147 709 2220 erat,
734 2133 912 2234 Mycenas
937 2128 1105 2205 discedit.
1155 2125 1307 2204 Interim

234 2245 368 2319 Peleus
392 2270 480 2318 cum
505 2244 679 2337 Thetide,
706 2247 858 2350 cognito
884 2246 1032 2352 nepotis
1057 2245 1234 2334 interitu,
1263 2241 1305 2316 ad

232 2359 560 2464 investigationem
581 2362 663 2439 eius
684 2361 862 2468 profecti,
887 2379 1120 2466 cognoscunt
1140 2360 1307 2436 iuvenem

227 2474 395 2586 *Delphis
426 2477 632 2581 sepultum.
689 2478 770 2568 lbi,
807 2497 853 2554 ut
876 2504 957 2554 mos
981 2495 1084 2566 erat,
1110 2476 1206 2550 iusta
1230 2497 1306 2578 per·

197 2625 200 2632 ’
234 2595 404 2670 solvunt:
431 2613 739 2698 cognoscantque
765 2594 808 2672 in
834 2594 893 2671 his
918 2596 1011 2670 locis
1033 2594 1218 2680 interisse,
1243 2589 1304 2662 uhi

236 2707 337 2783 visus
371 2708 521 2784 Orestes
560 2709 783 2812 negabatur.
848 2713 904 2786 Ea
938 2739 996 2786 res
1026 2736 1096 2816 per
1129 2707 1308 2815 populum

234 2819 343 2896 haud
379 2821 542 2917 credita3
581 2824 677 2902 adeo
707 2845 921 2931 praesumta
956 2845 1045 2900 ante
1077 2823 1153 2898 iam
1185 2819 1308 2924 opinio

235 2933 283 3011 de
318 2937 461 3014 Orestis
493 2938 641 3016 insidiis
676 2960 906 3020 cunctorum
933 2941 1071 3018 animis
1095 2937 1308 3015 inhaeserat

239 3133 527 3156 m

308 3247 377 3315 Quis
395 3241 526 3321 cognitis)
561 3253 641 3312 Bern.
659 3262 687 3308 et
703 3254 754 3307 Ed.
766 3259 846 3312 Mero.
867 3261 959 3326 Quer's.
995 3257 1059 3310 Mox
1077 3255 1104 3307 S.
1121 3254 1192 3306 Gall.
1208 3264 1255 3304 sec.
1267 3245 1310 3302 lll.

237 3315 286 3370 Ed.
307 3318 392 3371 Princ.
412 3329 440 3372 et
458 3320 525 3379 ohr.
544 3319 732 3380 hratuscrmodi
742 3364 752 3392 ,
770 3345 824 3382 uon
840 3325 1008 3387 huiusmodi.
1043 3329 1167 3396 Sequens
1182 3319 1312 3396 profitiat

236 3385 400 3458 vindingius
418 3391 530 3459 corrigit
547 3391 576 3442 in
592 3397 743 3468 proficisci,

308 3459 369 3512 olio
391 3464 569 3545 quamu'erot
584 3463 642 3536 die)
677 3467 725 3519 Ed.
747 3467 828 3520 llere.
854 3476 882 3521 et
901 3468 965 3522 Obr.
990 3487 1078 3540 pro„
1095 3483 1156 3584 prta
1175 3465 1244 3516 ierat
1259 3455 1311 3514 dle·

237 3543 303 3583 rem.
331 3529 385 3581 Sed
403 3531 480 3582 Beru.
498 3533 557 3584 olto
574 3553 631 3604 qua
649 3535 729 3590 ierat.
756 3541 783 3597 S.
805 3539 877 3595 Gall.
898 3558 961 3610 opp.
982 3549 1010 3590 ct
1042 3538 1078 3594 'd,
1108 3537 1167 3588 {rut
1188 3534 1309 3598 alioque
1369 3575 1370 3598 p

238 3604 319 3652 ierat.
357 3600 436 3653 Edita
462 3601 525 3653 dcui
549 3621 582 3655 ue
605 3623 620 3656 a
645 3624 688 3660 mc
708 3609 789 3662 lectio
808 3607 925 3664 debetur
942 3611 998 3664 tts.
1017 3609 1045 3661 S.
1064 3607 1138 3664 Gall.
1157 3619 1207 3658 sec.
1226 3599 1265 3652 tx.
1283 3603 1309 3647 et
1369 3601 1370 3660 l

236 3668 288 3722 Ed.
307 3669 392 3720 Ptine.
409 3670 501 3731 lntcll,
518 3619 643 3737 altorum,
668 3688 804 3747 posterum
823 3679 905 3731 diem.
1369 3663 1370 3724 l

307 3752 337 3792 ut
353 3757 440 3794 sermo
458 3741 484 3793 lt.
494 3741 655 3818 serebatur)
691 3745 751 3800 Non
778 3758 870 3818 potest
895 3749 963 3800 mihi
983 3746 1149 3818 persuadere
1169 3739 1308 3794 Perizonius
1369 3741 1370 3798 l

238 3808 308 3861 Diss.
327 3811 351 3877 §-
373 3809 487 3864 xxxix.
505 3813 552 3864 hic
567 3813 653 3884 legant
671 3817 716 3868 rel
726 3819 851 3888 firehot,
871 3821 914 3872 vel
930 3837 1061 3872 sermone.
1098 3817 1163 3869 Nam
1183 3822 1212 3866 ut
1229 3817 1309 3861 noster
1369 3801 1370 3860 l

237 3897 325 3934 sermo
336 3881 433 3951 seram
458 3883 476 3934 i.
496 3899 519 3936 e.
538 3885 743 3950 circumfertur,
766 3891 806 3942 sic
832 3891 960 3944 similiter
977 3891 1033 3941 Ην.
1055 3887 1159 3940 xxva.
1177 3885 1216 3952 35.
1238 3891 1309 3954 prout
1369 3877 1370 3928 l

229 3951 315 4022 sama
340 3951 399 4004 tius
427 3966 568 4022 ageretur.
597 3957 688 4011 abir.
708 3959 824 4014 Gronov.
851 3962 893 4015 cf.
912 3957 1061 4031 Wopkens.
1078 3975 1106 4029 p.
1130 3973 1186 4010 toa·
1205 3981 1237 3994 -
1254 3949 1307 4000 ΝΜ
1369 4001 1370 4010 ,

238 4021 312 4076 Crat.
330 4021 496 4092 imperfecto.
1369 4011 1370 4072 l

310 4089 486 4164 desponsata)
523 4094 569 4149 Sic
592 4098 688 4171 scripsi
711 4107 861 4172 praeeunte
889 4101 939 4160 Ed.
964 4100 1051 4156 Prior.
1079 4097 1145 4154 via.
1173 4095 1208 4150 ad
1232 4091 1251 4142 l-
1274 4101 1307 4138 Ψ
1369 4077 1370 4138 l

240 4157 327 4214 Antea
346 4159 489 4234 desponsa.
