2698 4688
253 305 280 356 n
700 255 898 353 ammana.

253 495 378 558 nimiam
403 489 631 575 amplitudinem
663 487 710 550 vel
746 487 842 548 invito
867 481 1069 560 adolesceret,
1102 478 1256 544 domesti

252 617 353 688 etiam,
371 611 522 672 malorum
546 603 655 668 turbae
685 605 871 687 propositum
905 599 1134 664 rescindereuts
1175 609 1253 662 tum

252 713 356 792 misso
371 727 428 796 isto
457 721 582 788 consilio
604 719 731 784 arduam
749 718 921 803 multaeque
940 739 1051 801 operae
1068 727 1101 778 et
1122 715 1252 778 laboris

253 841 392 927 Septimii
419 839 513 902 libros
537 835 741 922 qualicuncpre
765 855 833 898 mea
860 853 934 896 cura
963 830 1141 896 emendatos
1165 842 1256 915 atqu«

252 967 362 1020 stratos
379 951 485 1029 edere,
517 972 673 1037 aggressus
694 971 774 1012 sum.
825 948 919 1032 Igitur
939 949 1026 1009 initio
1045 967 1113 1010 rem
1136 948 1182 1009 ita
1214 949 1256 1010 int

253 1093 331 1147 ram,
355 1081 391 1134 ut
410 1070 449 1132 de
470 1069 617 1132 aetatibus
637 1067 754 1150 Dictyia
777 1068 901 1148 eiusque
921 1066 1094 1148 interpretis
1114 1075 1148 1126 et
1171 1065 1214 1128 de
1237 1083 1256 1128 u

253 1208 314 1272 que
340 1176 492 1271 scriptoris
518 1184 620 1247 indole
649 1185 682 1245 in
711 1182 901 1245 Praefatione
930 1203 1068 1266 agerem
1105 1191 1201 1244 notas
1233 1203 1256 1244 ci

253 1306 348 1368 textui
367 1304 562 1378 subiicerem,
584 1301 624 1363 de
642 1299 791 1363 latinitate
810 1297 941 1382 plurima
963 1301 994 1360 iu
1015 1298 1122 1362 Iudice
1139 1299 1256 1384 diapon

254 1423 294 1487 de
313 1420 486 1484 fabularum
499 1429 600 1482 autem
617 1416 763 1480 varietate
779 1417 812 1477 in
833 1415 1124 1492 observationibus,
1146 1415 1256 1500 Ephen

255 1539 399 1615 adiectis,
419 1533 536 1620 prolixe
554 1533 750 1616 disputarem.
793 1527 991 1594 Difficultatca
1009 1534 1042 1592 in
1055 1533 1155 1595 causis
1169 1555 1256 1617 praes

233 1673 234 1678 ’
255 1655 367 1720 criticis
389 1653 431 1716 ob
449 1653 565 1732 tenuia,
586 1670 666 1734 quae
684 1669 734 1710 me
754 1649 786 1710 in
813 1651 1059 1732 corniptissimo,
1088 1671 1235 1735 persaepe
1255 1687 1256 1698 κ

255 1771 365 1836 mutilo
384 1771 530 1853 scriptore
550 1767 750 1846 adiuverunt,
778 1765 926 1848 praesidia
948 1769 1103 1851 oppositae
1126 1767 1203 1830 mibi
1225 1765 1256 1828 fu

256 1887 405 1972 ingentes.
446 1886 526 1948 Nam
547 1895 666 1968 praeter
692 1884 894 1948 ducentorum
913 1884 995 1961 iere,
1032 1885 1085 1968 qui
1114 1883 1148 1946 in
1180 1884 1256 1947 Com

256 2005 343 2068 tariia
370 2001 600 2086 Oudendorpii,
635 2002 770 2082 Hebraii,
801 2001 967 2064 Burmanni
988 1999 1181 2084 aliorumque
1207 2001 1256 2062 vin

258 2121 420 2186 doctorum
441 2117 480 2182 ad
511 2118 611 2180 varios
639 2119 801 2201 scriptores
827 2137 862 2182 ex
889 2117 976 2181 MSS.
998 2117 1136 2204 Septimii
1155 2117 1256 2179 afferat

257 2237 397 2302 locorum
416 2235 543 2298 uberem
562 2233 772 2311 collationem,
803 2255 908 2298 omnes
928 2256 994 2319 spes
1021 2255 1155 2319 opesque
1179 2233 1256 2297 collo

257 2354 291 2415 in
316 2353 416 2418 tribua
440 2361 529 2414 erant
559 2350 742 2414 editionibus
768 2350 997 2432 diversissimis,
1022 2351 1201 2433 basileensi,
1223 2349 1256 2412 A]

257 2470 404 2536 torateuai
429 2476 461 2530 et
487 2466 796 2561 Amatelaedameusi,
824 2477 915 2550 atque
934 2447 966 2529 iu
991 2467 1154 2530 admodum
1172 2469 1247 2530 mria

259 2605 355 2668 caque
375 2605 469 2648 mauu
495 2582 605 2646 oblatis
629 2582 873 2650 adnotationibus
893 2583 992 2658 Ulrici
1015 2583 1161 2646 Obrechti
1182 2593 1213 2644 at
1238 2581 1256 2642 J

259 2701 412 2782 Mercari,
439 2700 552 2784 quibua
570 2699 661 2762 etiam
683 2698 776 2764 libros
795 2701 921 2784 scriptor
943 2698 1119 2782 inspiciendi
1139 2697 1256 2761 editione

259 2828 376 2880 ueteres
400 2815 574 2878 conserendi
603 2815 692 2899 copia
721 2815 839 2880 fitam
869 2815 922 2882 ubi
943 2815 984 2878 ab
1004 2815 1052 2880 his
1070 2836 1186 2900 quoque
1204 2817 1256 2878 dea

260 2932 424 2996 lectionum
454 2931 602 2994 varietate
625 2929 839 3007 conflictabar,
869 2934 902 2996 in
925 2933 973 2996 hia
995 2934 1137 3017 angustiis
1160 2955 1212 3018 pro
1232 2939 1256 2997 iu

246 3039 321 3112 'mei
340 3047 487 3110 tenuitate
513 3067 578 3110 mm
598 3065 766 3130 gesseram,
794 3069 951 3133 uunquam
976 3071 1040 3114 uon
1058 3051 1186 3136 Septimii
1204 3053 1256 3115 ind«

262 3183 298 3228 ac
325 3171 467 3226 naturam
497 3162 658 3224 inanimo
683 3163 826 3228 retinens.
868 3164 911 3226 Et
934 3185 1007 3228 sane
1025 3165 1182 3230 multorum
1201 3167 1256 3229 loco

262 3276 337 3340 olim
364 3277 606 3342 emendationem
631 3275 715 3341 haud
744 3279 896 3342 immerito
925 3279 1001 3344 mibi
1021 3281 1172 3365 placuisse,
1189 3295 1256 3346 estt

262 3397 392 3478 ingenue
411 3394 527 3458 fatear:
550 3393 601 3456 sed
615 3415 678 3478 quo
694 3396 790 3478 magis
804 3393 997 3476 laborabam,
1019 3399 1177 3483 cogitabam
1188 3409 1217 3460 ct
1229 3419 1256 3460 ea

262 3509 393 3588 dabam,
416 3529 454 3572 eo
473 3508 561 3592 plura
576 3529 640 3572 aeae
651 3509 727 3571 milii
741 3507 909 3574 offerebant
922 3513 1126 3598 investiganda
1137 3523 1219 3599 atque
1229 3533 1256 3576 en

264 3626 388 3706 danda;
415 3647 508 3710 qrram
531 3627 564 3686 in
591 3625 656 3688 dira
682 3627 777 3710 magia
804 3628 959 3713 magisque
986 3630 1168 3695 intolerabile
1185 3653 1256 3694 cresc

266 3739 449 3804 desiderium
473 3739 621 3804 libromm
641 3740 936 3824 manuscriptorum,
964 3765 1096 3828 quorum
1118 3745 1215 3809 auxilio
1232 3765 1256 3807 oi

268 3859 373 3919 anxiae
384 3855 581 3918 dubitationis
592 3854 767 3920 discrimine
784 3858 835 3924 ne
854 3869 1043 3924 exemtuaum
1058 3860 1256 3924 lorerxistimal

269 3971 376 4054 ltaque
395 3971 539 4064 refertum
553 3971 643 4034 rebus
656 3969 758 4036 dubiis
777 3993 854 4057 opus
875 3974 908 4036 iu
928 3975 1026 4040 lucem
1048 3977 1163 4059 prodere
1180 3997 1256 4060 apem

270 4087 441 4172 deponendi
465 4088 497 4148 in
524 4098 643 4172 tempus
669 4107 795 4170 curam,
823 4093 965 4175 novaque
992 4091 1120 4158 subsidia
1140 4092 1256 4177 circumc}
