2860 4688
241 363 310 434 tot
618 381 734 430 ntcrrs
760 379 934 441 cumensis
987 455 991 470 Ι

235 571 426 676 perfecta,
452 573 494 648 in
519 571 712 646 civitatem
737 589 957 646 recurrunt.
1006 573 1113 670 Quos
1131 574 1227 650 visos
1243 575 1326 650 Uli·

238 713 311 777 xes,
336 688 429 762 Non
454 703 588 762 temere
611 701 686 773 est,
723 687 873 790 inquit,
907 685 1010 790 quod
1043 689 1093 760 lti'
1115 687 1258 764 turbati
1278 716 1327 768 uc

237 803 377 903 trepidi
410 819 558 901 repente
588 802 805 901 prosiluere.
862 803 965 878 Dein
990 802 1145 906 ingressi
1169 803 1325 890 lucum,

225 918 660 1021 ‘circumspicientesque
670 919 855 1009 universa,
868 917 1184 996 animadvertunt
1193 921 1327 999 Achil-

238 1037 317 1114 lem
350 1051 513 1110 stratum
537 1033 668 1126 humi,
704 1057 930 1138 exsanguem
955 1055 1071 1138 atque
1094 1036 1210 1112 etiam
1237 1057 1325 1118 tum

232 1152 471 1229 seminecem.
521 1152 624 1226 tum
643 1152 749 1239 Aiax,
764 1145 873 1236 Fuit,
899 1151 1040 1254 inquit,
1066 1153 1324 1254 confirmation

231 1288 279 1343 cc
301 1292 433 1341 cerum
454 1289 525 1366 per
550 1267 732 1353 mortalem
758 1267 898 1342 nullum
922 1269 1112 1344 hominum
1137 1273 1323 1344 excutere

229 1387 408 1486 potuisse,
433 1386 499 1491 qui
523 1398 666 1460 teucro
685 1387 826 1459 virtute
844 1385 1061 1482 superaret?
1083 1381 1166 1473 Set
1193 1401 1235 1460 ut
1253 1410 1322 1483 po-

232 1499 307 1572 lom
326 1511 391 1588 est,
418 1512 484 1572 tuo
504 1512 540 1572 te
559 1497 767 1573 inconsulta
782 1501 971 1574 temeritas
983 1497 1165 1597 prodidit.
1216 1499 1319 1576 Dein

233 1612 419 1697 Achilles,
456 1597 682 1688 extremum
709 1609 839 1689 adhuc
884 1630 1079 1690 retentans
1119 1611 1318 1718 spiritum,

233 1728 335 1802 Dolo
360 1755 416 1804 me
441 1745 554 1834 atque
579 1726 749 1813 insidiis,
787 1727 936 1831 inquit,
970 1725 1189 1830 Deiphobus
1211 1744 1322 1832 atque

145 1861 149 1868 “
234 1843 462 1922 Alexander
493 1844 712 1946 Polyxenae
742 1849 868 1945 gratio
893 1849 1169 1920 circumvenere.
1218 1846 1321 1922 Tum

234 1962 490 2064 exspirantem
521 1977 625 2033 eum
642 1956 757 2034 duces
786 1959 951 2064 amplexi
984 1985 1074 2036 cum
1098 1986 1235 2064 magno
1259 1986 1320 2062 ge-

235 2077 338 2152 mitu
362 2093 480 2178 atque
504 2075 730 2166 exosculati‚
758 2092 992 2180 postremum
1016 2075 1197 2152 salutant.
1246 2077 1322 2152 Do-

235 2193 357 2295 nique
389 2192 485 2268 Aiax
519 2191 734 2268 exanimem
765 2191 844 2268 iam
877 2191 1048 2269 humeris
1080 2193 1323 2272 sublatumc

234 2306 325 2406 luco
349 2307 471 2382 effert.
847 2391 853 2406 .

333 2424 419 2498 ΧΠ.
460 2419 577 2519 Quod
595 2421 665 2497 ubi
682 2421 985 2500 animadvertere
1000 2422 1171 2515 Troiani,
1192 2447 1325 2500 omnes

235 2538 352 2616 simul
379 2541 501 2645 portis
525 2558 741 2644 proruunt,
771 2542 920 2647 eripere
944 2540 1135 2618 Achillem
1159 2542 1325 2620 nitentes

236 2672 354 2759 atque
384 2655 537 2752 auferre
573 2655 675 2733 intra
707 2660 882 2749 moenia,
913 2656 1059 2733 scilicet
1081 2683 1188 2734 more
1210 2657 1324 2736 solito

236 2769 401 2846 illudere
425 2769 600 2847 cadaveri
632 2771 714 2851 eius
747 2774 955 2878 gestientes.
1011 2773 1154 2850 Contra
1184 2773 1324 2850 Graeci

311 2967 386 3033 Quor
401 2970 478 3022 visor
499 2967 603 3037 Ulixes)
636 2968 678 3022 Ex
695 2967 744 3022 Ed.
762 2965 876 3022 Medici.
893 2965 1047 3020 Obrechtus
1065 2967 1175 3039 scripsit
1195 2969 1256 3037 Quo
1272 2969 1322 3020 vi·

236 3055 286 3099 ro,
305 3045 336 3087 ut
353 3045 395 3088 est
412 3039 492 3090 etiam
510 3040 538 3090 in
557 3041 631 3093 Crat.
649 3039 815 3106 vindingiut
835 3037 948 3108 corrigit
969 3037 1037 3104 Quis
1054 3041 1129 3093 visis.
1165 3039 1245 3092 itaut
1267 3039 1322 3089 du-

236 3106 285 3159 bie
304 3105 384 3158 tectio
403 3106 536 3162 librorum
554 3125 675 3160 meorum
694 3117 723 3161 et
750 3109 833 3160 Mero.
867 3109 942 3176 Quot
967 3110 1045 3160 viros
1070 3109 1199 3180 Septimii
1225 3125 1321 3162 manus

239 3173 309 3242 luit3
329 3191 409 3240 qnam
428 3177 559 3230 intactam
578 3178 718 3248 relinquas
737 3193 911 3247 quaesumus.
928 3195 954 3231 v·
973 3177 1062 3231 Glost.

271 3317 278 3330 .
308 3247 476 3318 prosiluere)
510 3246 579 3302 eod.
596 3248 676 3318 ,vulp
701 3248 874 3320 prosiliverc.
909 3245 984 3300 inira
1006 3247 1084 3302 Bcru.
1108 3255 1138 3302 et
1160 3245 1211 3305 tt.
1238 3247 1322 3301 stem

266 3331 395 3370 ramnum.

237 3329 294 3508 i..
310 3385 820 3530 sttro.rett.ttttt.t
838 3387 1027 3528 ‚eterit
1054 3357 1187 3444 i...
1213 3403 1264 3458 t*
1283 3403 1321 3438 ’-

360 3494 366 3506 .
611 3496 619 3522 ,
940 3496 947 3508 .

237 3527 652 3652 ..2t2‘tt⁶'⁶.tt“t:tl..⁵·
671 3529 746 3654 Gilt
762 3546 817 3662 ⁰..¹’
835 3525 1324 3664 ’titlest‘ittattt

239 3665 363 3731 diducto
386 3615 991 3741 {irruatoe,etxppimplonai1tuoi;
1021 3666 1084 3720 itt*
1107 3665 1125 3730 i
1152 3663 1185 3729 oi
1212 3665 1325 3733 nourri-

238 3750 301 3789 τεια
320 3735 451 3791 o'nnlirol
462 3752 503 3789 σε.
523 3739 640 3799 cedron.
650 3759 675 3810 p.
688 3756 743 3809 ¹⁰7·
759 3737 806 3810 αρ’
819 3744 854 3802 ἢν
870 3735 1026 3810 ἄνθρωπος
1041 3735 1200 3806 δυνάμενος
1216 3743 1325 3788 κτεῖναι

240 3820 289 3871 oe3
310 3805 370 3858 ἀλλ’
391 3809 407 3873 i
428 3804 461 3872 oi
481 3814 636 3881 προπέτεια
653 3809 727 3881 μόνη
751 3823 784 3861 σε
808 3807 964 3864 inditore.
1002 3810 1041 3862 Ex
1066 3807 1109 3861 hir
1137 3807 1217 3876 posui
1240 3807 1326 3860 etiam

238 3877 426 3948 interrogandi
444 3879 550 3950 signum
573 3891 636 3950 post
656 3891 807 3949 superaret.
843 3877 909 3932 Mox
923 3881 993 3952 vulg.
1012 3879 1055 3932 uti
1073 3877 1176 3950 paloor.

304 3945 440 4018 prodidit)
475 3949 524 4009 tt.
542 3952 616 4006 Crat.
634 3949 766 4021 perdidit.
802 3949 918 4005 Mulelae
937 3959 966 4003 tt
982 3949 1099 4002 Cedreni
1118 3945 1252 3999 riuoiitot
1268 3963 1327 4000 nou

240 4015 349 4078 obstat,
372 4022 518 4090 quominus
545 4021 708 4073 retineamus
722 4017 855 4091 prodidit.
892 4021 979 4091 Saepe
996 4017 1127 4072 confundi
1143 4013 1273 4138 prodidit
1297 4025 1325 4070 cl

239 4085 363 4158 perdidit
381 4089 462 4142 docet
478 4091 570 4142 Heius.
590 4089 624 4142 ad
643 4088 721 4143 Ovid.
741 4092 812 4144 Fart.
832 4091 865 4148 tt.
883 4091 917 4159 45
964 4097 992 4144 ei
1014 4089 1080 4142 Met.
1103 4087 1163 4142 iii·
1189 4089 1248 4156 596-
1275 4087 1326 4138 ubi

243 4165 272 4208 et
289 4159 364 4225 Sept.
382 4163 468 4212 affert.
505 4161 551 4214 Sic
566 4157 738 4231 prodendum
762 4169 790 4212 ct
840 4157 974 4216 rdrudom
991 4157 1273 4226 muuntSepsim.1.
1298 4176 1327 4228 9.

308 4227 367 4284 ΧΙΙ.
404 4229 504 4286 cadro.
530 4233 608 4298 eius,
627 4231 738 4304 inserts.)
773 4178 915 4286 Eiectat.
933 4229 1050 4300 cedre,
1068 4225 1256 4302 detulistis.
