2860 4688
275 381 324 453 90
653 395 772 446 ntcrts
795 393 974 446 curruum

274 587 390 670 modo
423 587 593 666 exercitu
626 586 815 690 utrinque
844 581 1076 689 componito,
1106 601 1270 690 pergunt
1291 585 1352 661 ob-

273 709 385 786 riam.
420 711 472 782 At
490 704 560 780 ubi
578 703 620 780 in
639 727 778 780 manus
796 717 956 778 ventum
973 717 1039 790 ert,
1063 699 1251 780 eohortati
1272 728 1353 780 tuoe

273 825 448 929 quisque,
465 821 546 898 acie
562 817 780 898 conflixere.
809 819 912 895 'lum
935 841 1024 896 vero
1048 817 1090 894 in
1115 817 1355 922 aliquantum

275 957 397 1017 tracto
430 935 670 1026 certamine,
696 933 902 1038 utrimque
937 933 1060 1038 partit
1094 929 1240 1010 cadunt
1271 937 1355 1040 plu-

274 1057 384 1142 rimi,
418 1054 741 1161 praecellentibus
772 1051 816 1128 in
850 1077 896 1128 ea
936 1078 1068 1157 pugna
1105 1051 1355 1130 barbatorum

271 1173 438 1250 Hectore
465 1189 503 1248 et
527 1169 765 1277 Sarpedone,
798 1169 1038 1246 Graecorum
1062 1167 1248 1246 Diomede
1268 1197 1356 1246 eum

272 1289 462 1368 Menelao.
511 1287 614 1366 Dein
635 1314 723 1380 nox,
746 1286 965 1364 communis
981 1285 1184 1362 amborum
1201 1287 1355 1388 requies,

271 1407 465 1511 proelium
496 1403 666 1482 diremit.
716 1405 841 1508 Igitur
865 1400 1025 1482 reducto
1049 1403 1243 1494 exereitut
1268 1431 1356 1482 oor·

271 1549 365 1630 pora
390 1549 551 1600 suorum
576 1539 742 1599 cremate
766 1519 849 1625 igni
874 1521 1080 1626 repeliunt.

368 1640 548 1718 xxxnt.
597 1640 718 1738 Queis
742 1637 921 1746 perfectis
940 1637 1081 1714 Graeci
1101 1653 1278 1715 statuunt
1301 1639 1360 1716 in-

271 1773 331 1835 ter
354 1782 404 1849 re,
427 1755 630 1849 Achillem,
654 1755 766 1833 cuiue
788 1755 832 1833 in
856 1753 1022 1834 advertit
1040 1757 1278 1834 Graecorum
1302 1783 1360 1833 ca-

267 1873 373 1951 tibus
394 1873 599 1951 solicitudo
624 1873 833 1980 praecipue
855 1871 1072 1963 videbatur,
1092 1897 1217 1974 regern
1237 1875 1360 1948 omni-

267 2017 337 2070 um
362 1992 603 2068 confirmare.
650 1989 725 2068 sed
750 1997 1025 2096 Agamemnon,
1049 1991 1196 2082 anxius,
1222 2017 1271 2067 ne
1296 1990 1359 2064 tle-

269 2133 337 2185 out
362 2107 511 2212 regium
526 2107 731 2202 amitteret,
758 2109 801 2184 in
828 2109 994 2186 concilio
1010 2109 1125 2186 rerba
1145 2109 1253 2190 facit:
1278 2109 1361 2184 Sibi

247 2218 434 2302 'monime
458 2223 568 2299 cordi
592 2247 673 2302 esse
697 2227 889 2304 exercitus
911 2225 1198 2302 incolumitatem
1205 2257 1218 2316 ,-
1243 2249 1363 2330 neque

268 2344 423 2421 ulterius
438 2343 610 2448 diffltrre,
635 2347 727 2440 quin
749 2342 959 2446 Astynome
978 2349 1130 2448 parenti
1160 2348 1365 2420 rentttere-

266 2477 343 2548 tur,
377 2465 541 2536 maxime
570 2465 608 2536 si
636 2464 868 2536 restitutione
900 2464 982 2538 eius
1012 2459 1212 2538 iiutarztern
1238 2463 1367 2564 perni-

267 2585 361 2656 eiern
398 2577 729 2680 subterfugerent:
773 2601 890 2682 neque
932 2581 1131 2684 quicquam
1169 2575 1367 2679 deprecari

168 2759 171 2767 λ
264 2695 442 2798 ampliter,
486 2699 523 2770 ti
558 2693 667 2768 modo
700 2695 742 2768 in
775 2693 897 2768 iocum
929 2699 1011 2770 eius
1049 2693 1367 2795 Hippodamiam,

149 2859 152 2864 -
264 2837 360 2916 quoe
386 2835 467 2886 eum
488 2809 642 2890 Achille
671 2809 842 2912 degeret,
870 2812 1060 2888 uicarium
1084 2835 1217 2886 munus
1234 2815 1367 2886 emissi

264 2929 420 3003 lwnorit
456 2931 650 3027 acciperet.
712 2928 823 3025 Quae
860 2951 937 3018 reo,
982 2953 1212 3032 quanquam
1254 2943 1367 3002 atrox

264 3043 445 3120 omuibus
469 3061 509 3119 et
535 3041 695 3144 indigna
719 3041 944 3135 videbatur,
978 3061 1109 3120 tamen
1132 3042 1367 3122 connivente

334 3363 500 3436 conflixere)
516 3365 595 3416 Bern.
614 3363 784 3433 confluxere.
820 3363 851 3416 ln
870 3379 946 3434 seqq.
963 3363 1012 3418 lid.
1032 3367 1106 3422 Crat.
1128 3365 1197 3420 ilem
1216 3379 1290 3417 uero
1310 3361 1367 3416 ati«

283 3437 429 3488 unntittum
448 3447 539 3488 tracto
558 3447 625 3488 cert.
646 3442 677 3484 ut
695 3437 763 3488 citat
780 3435 863 3484 otiam
883 3435 1032 3504 Scioppiut
1053 3436 1146 3490 Parni.
1167 3436 1325 3502 Litlipist.
1339 3431 1367 3484 V

263 3453 326 3558 lut.
348 3505 391 3556 ad.
410 3523 431 3557 c.
452 3505 477 3572 4.
497 3507 518 3555 Α
539 3503 618 3556 libri·
636 3505 714 3556 abest
739 3505 864 3578 plurimi.
899 3505 980 3558 lietu.
1000 3507 1076 3564 Dein
1093 3511 1158 3562 tnot'r
1182 3523 1239 3559 nor
1257 3520 1365 3560 ronne

262 3577 355 3648 igitur
372 3574 483 3640 educto,
500 3575 631 3644 abror-pto
650 3591 707 3627 uno
725 3593 748 3628 r.

333 3645 450 3700 xxxttt.
488 3649 572 3715 Queit
587 3647 669 3730 perf)
691 3647 731 3697 lta
749 3645 798 3698 Ed·
816 3645 901 3701 uere.
919 3652 948 3698 el
966 3647 1033 3702 our.
1053 3648 1130 3700 Libri
1149 3643 1227 3716 Quis.
1246 3661 1274 3700 r.
1292 3645 1336 3698 tul
1357 3647 1366 3698 l

266 3717 305 3772 ιδ.
342 3717 417 3770 tntu
437 3733 487 3788 pro
507 3731 597 3786 regem
615 3717 679 3769 nort
699 3733 764 3770 rem.

331 3790 363 3842 in
383 3787 518 3854 concilio)
539 3787 565 3838 S.
587 3787 658 3839 Gall.
677 3803 757 3856 opp..
776 3785 824 3839 Ed.
846 3787 928 3839 Mero.
948 3797 976 3841 ot
994 3789 1061 3842 oti.
1080 3787 1179 3842 consil.
1201 3805 1227 3838 v.
1250 3783 1290 3836 ad
1308 3787 1331 3834 Ι.
1352 3787 1366 3838 i

331 3861 402 3931 quin
420 3858 527 3927 Artyn.)
547 3859 624 3912 Bora.
642 3859 693 3926 qni
709 3859 802 3918 Attin,
819 3864 847 3907 nt
865 3874 926 3908 mox
948 3877 1000 3911 nec
1017 3861 1175 3932 qrtitqnnnt.
1202 3853 1282 3909 turra
1295 3857 1366 3908 Crat

261 3928 342 3986 modo
359 3931 392 3982 in
404 3931 457 3984 lot.
477 3946 531 3980 om.
550 3933 584 3982 ri.
604 3946 660 3981 non
681 3931 763 3984 mele.
792 3927 878 3984 Rern.
897 3929 929 3980 in
948 3931 1010 3983 loco
1028 3947 1095 3982 erin.

332 3999 493 4067 videbatur)
510 4001 587 4052 Bern.
606 4008 635 4052 et
653 3999 725 4050 Cret.
749 3997 798 4051 Ed.
825 3997 980 4054 uideretur.
1018 4001 1100 4052 Bene.
1129 3998 1186 4052 tte.
1216 3996 1366 4048 xxxvttt

140 4080 147 4093 “
262 4073 304 4140 57·
339 4075 416 4127 Haec
433 4069 467 4130 de
485 4082 566 4124 tanto
583 4074 668 4135 viro,
686 4087 848 4144 quanquam
867 4081 894 4125 et
912 4072 1093 4144 opinionibus
1112 4071 1286 4132 variarent,
1306 4087 1366 4140 pro

298 4141 374 4195 neri
427 4155 503 4200 rnt.

255 4161 296 4217 1²⁰
333 4161 507 4282 dorinlveitn)
525 4212 573 4265 Ed.
593 4213 679 4264 Ptine.
701 4223 822 4288 eogente.
860 4213 932 4267 Cret.
954 4225 1118 4266 rennuente.
1156 4212 1234 4262 narn.
1259 4211 1366 4260 omitti

259 4283 373 4339 verbum
394 4283 589 4336 conlaturae
610 4285 696 4352 tigno.
