2726 4686
276 419 404 472 uxum
726 421 904 471 eeutzou'u

276 629 346 673 rum
367 617 442 671 teste
460 615 492 672 et
511 604 629 667 arbitro
654 609 847 692 conscripto,
870 630 907 670 nc
926 607 1065 670 Deorum
1080 607 1286 670 Etbnicorum

275 712 413 772 iestetem
444 721 475 774 et
502 709 670 793 potentiam
692 717 739 770 tot
760 708 902 792 exemplis
924 730 1079 786 assereus,
1102 708 1246 770 historiae
1268 733 1287 772 s

275 823 308 874 et
328 810 509 873 Christianis
529 811 561 872 in
575 809 664 871 italis
686 831 721 872 ac
744 812 821 872 urim
840 812 938 872 Romo
958 820 1174 895 opponeretur.
1197 811 1246 872 Ac
1269 834 1287 872 n

275 931 315 972 on
349 909 409 970 tsle
437 908 511 992 quld
537 912 570 970 in
600 911 658 971 fine
685 910 841 991 Epistulae
865 914 1068 994 Septimianae
1094 911 1262 984 exstiterit,
1287 947 1288 960 κ

275 1011 395 1072 librarii
414 1008 556 1092 deinceps
568 1009 735 1071 Christiani
757 1010 896 1072 mirsulto
916 1013 1082 1072 omiserint.
1139 1011 1232 1072 Certe
1253 1009 1288 1070 ali

276 1110 346 1172 istic
377 1109 521 1172 exstitisse
551 1109 693 1188 videtur,
726 1111 810 1193 qirod
840 1113 873 1171 irs
904 1109 1033 1196 legendo
1055 1109 1183 1190 Dictym
1205 1109 1288 1193 Septi

276 1209 421 1273 Ruiinum
442 1220 475 1272 et
493 1208 569 1272 olins
592 1210 723 1272 lectores
745 1213 931 1292 potissimum
952 1221 1059 1272 notare
1078 1208 1223 1272 voluerit.

359 1309 524 1376 xxxvn.
565 1310 757 1394 Quapropter
770 1309 853 1372 houd
876 1314 918 1372 itu
940 1309 1026 1371 facile
1047 1310 1224 1372 accesserim
1246 1309 1289 1370 V(

277 1411 330 1494 qui
354 1410 533 1492 Septimium
556 1411 665 1470 seculis
685 1409 802 1492 aliquot
817 1422 889 1493 post
917 1409 1103 1471 Constantini
1119 1429 1234 1470 aeuum
1253 1411 1289 1468 ui

276 1523 385 1590 censet,
406 1510 459 1570 sed
479 1507 573 1570 nullis
594 1508 683 1592 plane
703 1509 873 1570 rationibus
893 1509 924 1570 in
937 1507 1190 1571 mediumaltaus.
1213 1512 1289 1572 10⁵.ss

277 1631 367 1672 cerus
392 1622 463 1692 post
493 1607 714 1670 Constantinum
736 1630 858 1690 quoqne
876 1609 1029 1692 scripsisse
1063 1618 1176 1689 putat,
1211 1607 1266 1668 sed

277 1731 402 1794 prorsus
422 1717 621 1794 argumento,
642 1710 714 1792 quia
728 1709 793 1770 scil.
820 1712 850 1768 iu
872 1709 1005 1794 Prologo
1027 1707 1106 1770 liber
1126 1707 1212 1770 hicce
1233 1717 1289 1768 teu

278 1809 407 1872 Neronis
429 1811 571 1871 inventus
591 1809 635 1870 ad
647 1809 752 1870 Cietae
779 1809 971 1869 Consularem
992 1806 1126 1890 perlatus
1145 1806 1271 1878 dicitur,

280 1909 492 1974 Camrslan'rms
527 1911 560 1970 in
590 1908 758 1992 provinciis
789 1907 953 1992 appellatio
980 1908 1217 1970 aConstantino
1237 1910 1275 1968 sit

278 2011 369 2074 fecta.
417 2009 477 2072 Sed
507 2008 615 2072 salsum
645 2009 704 2071 hoc
734 2029 797 2070 esse
827 2008 933 2070 multis
963 2008 1106 2092 probavit
1125 2009 1253 2070 Merceri
1277 2031 1290 2090 p

281 2111 430 2172 Claudius
454 2110 618 2172 Salmasius
639 2110 679 2171 ed
699 2109 851 2192 Sportinni
878 2111 974 2170 Hadr.
998 2131 1063 2192 esp.
1086 2129 1138 2170 ce.
1161 2119 1192 2170 et
1216 2109 1275 2169 iam

280 2209 363 2272 hunc
387 2209 490 2270 Guido
512 2209 703 2270 Pencirollus
725 2210 762 2270 sd
774 2210 918 2270 Notitiam
941 2212 1056 2292 imper.
1079 2209 1195 2272 Orient.
1218 2229 1285 2290 cap.

363 2299 548 2376 xxxvtu.
597 2309 704 2391 Longe
728 2320 828 2370 autem
859 2309 978 2392 turpius
1010 2329 1044 2371 se
1071 2307 1156 2370 dedit
1184 2306 1242 2368 hac
1277 2309 1291 2366 i

285 2414 378 2491 Gosp.
400 2409 559 2490 Scioppius
588 2409 699 2473 Parasi.
731 2411 791 2468 Lit.
814 2409 871 2491 Ep.
893 2411 924 2472 5.
956 2409 1011 2471 ubi
1031 2409 1109 2470 lianc
1132 2408 1256 2489 Dictyos
1275 2405 1291 2466 li

282 2511 360 2570 riam
380 2508 428 2570 ad
449 2508 618 2568 Cornelium
643 2507 787 2591 Nepotem
816 2509 930 2568 eteius
957 2509 1033 2588 styli
1050 2505 1280 2568 siusilituclinem

283 2611 370 2670 aime
390 2607 536 2668 accedere
560 2609 621 2681 sit,
659 2621 689 2668 et
722 2610 846 2668 omniuo
877 2606 1004 2682 Velleii,
1039 2605 1158 2667 Valen's'
1186 2605 1291 2665 Illerris

286 2709 382 2770 arnis·
410 2721 512 2769 aetate
533 2709 576 2770 ab
600 2707 747 2787 elegantis
769 2709 882 2788 ingenii
901 2707 1018 2767 lamiae
1036 2707 1182 2789 scriptam
1203 2715 1291 2765 come

283 2809 415 2870 Videtur
435 2829 509 2892 ergo
530 2820 561 2870 et
583 2807 632 2869 ille
653 2811 851 2884 existimasse,
873 2829 936 2868 nou
954 2827 1020 2868 esse
1039 2827 1157 2868 versem
1177 2825 1211 2866 cx
1233 2807 1291 2865 Gra

285 2909 340 2968 sed
351 2909 458 2969 Latine
478 2909 619 2990 primitus
639 2920 847 2990 compactam,
869 2907 900 2967 id
922 2905 1080 2988 quodiam
1102 2907 1174 2967 sotis
1192 2925 1279 2986 supro

287 3008 461 3068 interimus.
504 3009 622 3070 Verum
644 3007 683 3068 de
702 3007 783 3090 stylo
804 3008 886 3089 qnod
910 3007 964 3080 ait,
988 3005 1164 3066 indecorum
1187 3013 1242 3078 est,
1267 3005 1291 3062 it

287 3127 368 3180 vara,
391 3107 472 3180 viro,
494 3105 548 3187 qui
570 3104 713 3167 latinitati
735 3119 894 3188 tantopore
919 3106 1058 3173 attendit.
1098 3104 1181 3182 Quid
1202 3105 1279 3163 enim

287 3205 326 3266 ad
348 3205 473 3286 Nepotis
491 3203 617 3287 stylum,
639 3225 680 3265 en
701 3205 856 3266 chelleii
880 3225 990 3266 sevum
1012 3203 1177 3266 accedunt:
1204 3203 1291 3262 Coreto

288 3307 394 3368 eudem
415 3325 526 3378 sensu,
550 3325 611 3385 quo
636 3324 721 3364 nune
734 3305 825 3386 volgo
837 3304 941 3366 dicunt
958 3305 1137 3388 protestari:
1163 3301 1291 3363 Testari⁴

197 3459 203 3474 ,
288 3407 441 3476 ultionem,
462 3402 494 3468 h.
513 3423 542 3463 e.
566 3403 687 3477 minari,
710 3403 915 3466 denunciare:
943 3405 1185 3489 Adlospitavcre
1207 3399 1291 3459 silu‘l

289 3507 506 3566 chraecisrno
528 3497 582 3562 lul
598 3497 682 3584 ξενίᾳ
704 3505 832 3564 eulaius
857 3505 1038 3568 deformare
1054 3501 1153 3562 dr'ear:
1178 3501 1275 3584 Qunam

289 3603 424 3664 marculio
454 3602 574 3664 Matar·
588 3615 703 3685 posset,
728 3601 865 3684 passive:
888 3605 1001 3681 Funus,
1024 3625 1080 3684 pro
1097 3605 1161 3683 ipso
1177 3601 1288 3661 cadere

292 3700 474 3784 scpnlchro:
509 3701 620 3762 Cuncta
640 3715 778 3762 extrema
805 3703 894 3762 Ratus
914 3705 1070 3785 experiri.-
1094 3702 1281 3762 Ilerlarmore

291 3825 364 3864 nus:
394 3801 541 3882 Coniuges
570 3799 817 3882 Principalimu‚
856 3801 939 3884 quod
969 3801 1111 3883 linquens
1141 3800 1286 3882 sequioris

291 3899 512 3984 scriptoribus:
550 3900 642 3961 Alter
659 3899 866 3962 Eritirmdilms
889 3901 1074 3983 Imperator,
1097 3899 1291 3983 Agapenori

289 4003 379 4063 diae.-
409 4000 555 4062 Desinere
572 4001 779 4084 pernoctando
801 4004 884 4060 latoni
894 4029 905 4060 .·
934 4003 1054 4085 (hianti
1077 3999 1232 4076 mortales,
1254 4021 1291 4080 qu

290 4115 320 4162 et
340 4103 449 4186 quanti
469 4101 648 4184 Pelopidae,
672 4099 706 4164 h.
730 4121 756 4166 e.
780 4113 873 4184 quot,
894 4101 976 4184 quod
1000 4101 1227 4162 usitatissimum
1249 4095 1290 4156 lui

293 4203 442 4282 plisnisno
463 4221 564 4262 aevu:
598 4199 766 4260 Delutarc:
799 4199 834 4260 Is
856 4201 1079 4282 Agauremnoui
1100 4200 1276 4271 Insimaeaas,

293 4303 382 4366 eirca
401 4301 507 4387 filiam
536 4303 598 4362 eoo
632 4303 808 4380 evein'ssaut,
838 4304 976 4362 am'mum
1006 4313 1095 4386 atquc
1131 4309 1266 4360 oruatruu
