2648 4688
353 387 449 436 unm
474 381 622 436 moratu
648 387 715 436 ιιι.
742 391 798 438 ιιι.
1050 383 1121 454 tto
1165 391 1170 404 “

16 580 152 670 mitur,
189 577 292 655 male
314 595 355 656 ct
378 604 471 656 cum
492 573 681 655 dedecore
698 579 878 688 plurimis
900 601 1123 670 nostrorum

19 695 246 774 interiectis.

113 816 187 890 XJ.
238 809 311 890 Sed
344 827 551 918 postquam
582 808 763 889 reductae
786 813 976 919 utrinque
1000 819 1120 916 acies,

21 947 56 1006 et
87 928 171 1006 iam
205 928 250 1007 in
283 946 369 1006 tuto
401 930 510 1004 miles
545 947 675 1005 noster
707 935 980 1017 erat,‘'cuncti
1015 963 1120 1042 reges

21 1045 212 1124 Achillem
228 1045 505 1138 conveniunt,
550 1045 809 1124 deformatum
841 1049 920 1127 iam
952 1054 1120 1144 lacrimis

23 1181 136 1266 atque
161 1163 271 1241 omni
296 1163 489 1270 supplicio
509 1163 769 1239 lamentandi:
799 1166 869 1270 qui
893 1168 1008 1246 modo
1030 1198 1120 1276 pro·

23 1298 158 1358 stratus
195 1281 329 1372 humi,
369 1307 478 1358 nunc
511 1280 687 1367 cadaueri
724 1285 984 1389 superiacens,
1021 1287 1118 1365 adeo

26 1397 266 1500 reliquorum
291 1397 441 1473 animos
464 1416 770 1503 permutaverat,
795 1417 842 1475 ut
866 1401 963 1476 Aiax
987 1403 1115 1495 etiam,

26 1513 88 1614 qui
102 1513 256 1590 solandi
273 1539 390 1590 causa
409 1515 591 1604 astiterat,
616 1512 718 1590 nihil
738 1515 864 1591 luctui
885 1518 1117 1596 remitteret:

24 1655 90 1705 nec
119 1632 289 1708 Patrocli
323 1650 478 1708 tantum
510 1657 612 1708 mors
650 1631 838 1736 gemitum
871 1634 986 1710 illum
1022 1659 1118 1714 cun·

27 1745 89 1821 ctis
111 1747 340 1838 incusserat,
363 1747 428 1824 sed
447 1748 654 1854 praecipue
671 1747 887 1826 recordatio
907 1751 1118 1830 vulnerum

28 1886 91 1963 per
126 1865 211 1940 loca
243 1865 415 1970 corporis
450 1862 694 1969 pudibunda.
746 1863 869 1964 Quod·
896 1869 1118 1974 exemplum

29 1977 221 2082 pessimum
255 2007 325 2085 per
364 1973 544 2058 mortales
583 2000 669 2058 tum
706 1983 878 2086 primum
914 1982 1116 2088 proditum

32 2113 93 2180 est,
125 2125 331 2201 nunquam
362 2109 476 2173 antea
513 2125 536 2172 a
566 2097 723 2174 Graecis
755 2099 927 2174 solitum.
987 2100 1115 2202 Igitur

32 2235 121 2313 reges
152 2213 289 2290 multis
324 2215 505 2320 precihus
540 2231 657 2318 atque
695 2216 802 2291 omni
841 2215 1116 2296 consolationis

35 2327 134 2405 modo
179 2327 337 2408 tandem
371 2329 563 2407 Achillem
603 2330 748 2408 flexum
787 2329 910 2406 humo
947 2331 1116 2432 erigunt.
1172 2387 1176 2396 -

36 2439 124 2524 Dein
146 2447 314 2525 Patrocli
340 2473 479 2555 corpus
503 2449 672 2543 elutum,
707 2475 797 2524 mox
821 2463 922 2525 veste
946 2445 1111 2526 circum·

94 2761 134 2816 Ἠ·
167 2766 311 2841 Muciae)
337 2771 418 2824 Rern.
437 2776 465 2822 rt
476 2765 763 2828 recommendans.
774 2770 856 2822 Bene.
873 2765 939 2821 llox
957 2765 1005 2820 Ed.
1024 2765 1113 2821 Princ-

36 2838 89 2882 mco
105 2843 134 2888 ot
151 2839 184 2890 ll.
207 2857 246 2894 ra.
264 2851 325 2893 ento
342 2842 490 2895 collocare.

81 2907 170 2962 Actttt
187 2913 372 2983 conveniunt)
408 2911 503 2966 lisine.
517 2909 553 2962 sd
577 2909 656 2961 Ovld.
680 2912 751 2963 Faet.
778 2909 813 2963 ll.
830 2911 893 2978 667.
918 2916 946 2962 et
965 2903 1017 2962 lta.
1037 2906 1112 2968 Crat.

38 2966 138 3048 ‘dacia
172 2979 300 3052 Legimus
319 2997 384 3035 sanc
404 2981 453 3034 lib.
468 2984 504 3039 ll.
527 2984 565 3035 13.
582 2979 622 3036 ed
639 2983 761 3036 Graecos
777 2981 952 3035 conveniant.
970 2979 1024 3032 Sed
1033 2982 1114 3032 omit·

38 3044 94 3096 istut
108 3065 226 3118 praepos.
241 3052 292 3102 lib.
310 3053 330 3102 l.
353 3071 385 3106 ιι.
405 3055 443 3110 ll.
457 3072 482 3122 9.
503 3054 580 3106 elibi.

93 3119 215 3174 lacrima
230 3136 315 3196 atquc
332 3141 404 3177 omn
430 3125 522 3195 suppl.
551 3122 627 3193 lum.)
652 3122 811 3191 Agnoscunt
827 3121 953 3192 copulam
973 3134 1058 3196 capue
1084 3121 1112 3174 S.

41 3177 95 3262 pell.
109 3206 158 3242 ιιι.
180 3193 248 3255 lli..
267 3193 317 3246 lid.
335 3195 439 3258 Princ,
459 3195 532 3250 Crat.
551 3205 581 3249 et
599 3193 680 3260 oor.;
699 3195 778 3246 abest
795 3209 811 3244 s
828 3200 910 3256 cett,
928 3195 1112 3262 omissamque

40 3266 146 3314 invenere
158 3261 343 3332 vindingiue,
363 3267 412 3336 qui
434 3267 547 3336 corrigit
564 3267 640 3318 omni
659 3281 702 3327 ue,
722 3271 751 3318 et
768 3263 917 3334 Wopkens.
935 3281 963 3332 p.
983 3266 1037 3327 55,
1062 3263 1113 3331 qut

41 3329 96 3380 varie
108 3332 194 3386 loensn
212 3341 315 3387 tentat.
348 3335 470 3388 coniicit
486 3343 627 3406 praeterea
684 3334 833 3406 opkeneiue
851 3335 1034 3388 lamentabili.
1053 3329 1109 3387 Sed

41 3395 115 3518 ¹gilium
140 3401 332 3460 Genitirorum
353 3406 491 3460 Gerundii
509 3423 574 3459 uene
594 3405 727 3476 Septimio
745 3407 893 3479 frequens,
916 3413 948 3457 ut
972 3405 1058 3458 doceo
1077 3404 1111 3458 in

68 3484 108 3523 ose.

92 3542 159 3597 utttt
175 3545 268 3600 luctui
285 3545 362 3618 rem.)
382 3543 545 3616 Woplenrii
572 3545 792 3600 emendationem
810 3549 902 3603 luctus
920 3545 1033 3598 damnat
1050 3545 1111 3598 Ou-

42 3601 150 3682 interp.
173 3617 208 3668 ed
226 3617 307 3683 Apul.
328 3619 395 3670 Met.
416 3619 462 3669 ΙΙΙ.
482 3633 509 3686 p.
531 3619 591 3672 rer.
610 3616 651 3673 Cf.
671 3617 706 3668 ed
725 3619 757 3670 ll.
775 3621 819 3677 36.
1189 3629 1192 3636 ’

89 3697 166 3740 cauea
181 3707 201 3740 a
221 3688 338 3742 Graecis
353 3687 475 3758 solitum)
501 3687 541 3739 Ita
562 3687 706 3758 legendum
725 3691 819 3758 putavi
837 3704 871 3741 ex
895 3684 974 3736 libris
992 3683 1060 3736 meis
1080 3690 1110 3734 et

40 3741 141 3806 Heneti.
158 3757 207 3810 lid.
227 3757 321 3822 Crat,
351 3758 418 3812 Obr.
436 3767 465 3810 et
482 3758 602 3810 Drescns.
622 3759 657 3811 ad
675 3761 726 3811 los.
754 3761 840 3813 lesan.
866 3757 915 3812 Vl.
941 3761 999 3823 ιδι-
1022 3767 1110 3806 antea

39 3818 143 3891 Graecia
163 3837 193 3880 ut
210 3829 359 3897 serspicerie
378 3842 444 3883 onte
463 3846 481 3880 a
500 3831 624 3882 Graecis.
660 3829 825 3898 vindingius
842 3837 932 3879 cutem
950 3843 969 3878 u
990 3827 1036 3878 Gr.
1059 3839 1108 3874 ex·

38 3881 103 3946 libet,
136 3900 160 3949 A
178 3901 296 3953 Graecis
314 3900 334 3952 i.
352 3916 376 3953 e.
397 3915 413 3949 e
433 3901 600 3953 Graecorum
619 3907 717 3971 parte,
735 3899 808 3970 apud
828 3899 954 3950 Graecos.
972 3914 997 3947 r.
1017 3893 1108 3948 Glose-

38 3957 63 4008 'l
78 3965 104 4014 ll·
122 3969 163 4021 ts.
203 3967 266 4022 Non
285 3968 608 4037 tentandumpraetsrca
627 3971 755 4032 solitum,
779 3983 829 4038 pro
852 3983 907 4036 quo
930 3964 1061 4034 Vinding.
1080 3973 1110 4018 ct

37 4023 113 4102 Wopt
128 4037 304 4092 scribendum
324 4048 438 4094 censent
452 4042 601 4111 cognitum.
637 4043 798 4108 Exemplum
811 4039 968 4107 pessimum,
984 4034 1039 4089 huc
1058 4052 1110 4090 ue-

37 4113 76 4168 lit
90 4107 158 4174 apud
177 4110 297 4166 Graecos
315 4112 479 4174 insolitum,
500 4119 558 4163 tum
577 4112 696 4181 primurn
716 4111 820 4164 editum
840 4113 893 4160 eet.

87 4175 162 4238 lum
179 4181 231 4250 er.)
248 4181 321 4236 Cret.
340 4181 425 4240 humi.
443 4188 471 4234 et
489 4181 561 4234 inire
582 4183 689 4236 elotum.

85 4263 157 4306 uerte
173 4252 395 4328 circcruegitur)
413 4251 439 4308 S.
457 4253 528 4310 Gall.
549 4269 614 4324 opp.
633 4261 662 4308 et
678 4252 727 4309 tt
746 4251 814 4312 Obr.
835 4249 1000 4321 contegitur.
1030 4247 1105 4304 liene

65 4365 184 4412 ιιιιιι.
401 4413 404 4424 ,
891 4343 912 4406 9
