2860 4688
233 359 306 432 156
625 381 745 431 ureris
770 380 949 431 cumanus

228 591 332 667 esset,
356 595 542 650 consensu
566 573 743 648 omnium
765 567 930 677 pedibus
950 585 1152 648 attractam
1174 571 1218 649 in
1232 553 1318 650 'Sca-

228 687 439 765 mandrum
463 689 712 794 praecipitat;
744 686 890 764 scilieet
921 713 1086 793 poenam
1111 707 1319 792 postremae

227 803 502 910 desperationis
537 823 656 908 atque
688 803 896 881 amentiae.
955 805 1040 880 Hoo
1071 801 1187 880 modo
1211 809 1319 880 Ama-

226 949 368 1015 zonum
394 921 547 1022 regins,
574 918 709 997 deletis
733 919 874 1026 copiis,
899 919 1137 1023 quibuscum
1161 919 1318 994 auxilia-

228 1057 314 1114 tum
338 1035 492 1112 Priamo
515 1054 690 1125 venerat,
724 1033 775 1111 ad
808 1053 1048 1140 postremum
1074 1036 1156 1141 ipsa
1178 1055 1319 1140 specta·

225 1153 360 1230 culum
385 1149 549 1254 dignum
574 1151 747 1228 moribus
772 1152 852 1228 suis
876 1151 1066 1256 praebuit.
1383 1243 1386 1246 Ι

325 1271 392 1344 1v.
443 1273 494 1343 At
517 1267 694 1371 sequenti
715 1267 779 1343 die
795 1271 993 1356 Memnon,
1018 1265 1179 1343 Tithoni
1204 1285 1316 1370 atque
1377 1349 1381 1354 ,

225 1386 400 1464 Aurorae
426 1384 542 1475 filius,
557 1384 792 1486 'ingentibus
814 1381 1004 1460 Indorum
1029 1401 1147 1486 atque
1165 1383 1318 1460 Aethio·

226 1523 323 1606 pum
348 1500 469 1606 copiis
501 1499 738 1605 supervenit,
770 1521 907 1604 magna
938 1499 1062 1576 famas
1093 1499 1243 1604 quippe
1276 1499 1317 1575 in

227 1643 354 1694 unum
379 1615 513 1692 multis
538 1616 712 1694 millibus
738 1617 895 1692 armatis
918 1615 1025 1690 vario
1049 1639 1204 1717 genere,
1236 1641 1316 1720 spes

226 1735 345 1808 etiam
369 1751 536 1836 votaque
561 1730 609 1807 de
627 1757 665 1807 se
682 1731 825 1808 Priami
841 1749 1096 1836 superaverat.
1146 1732 1321 1834 Namque

226 1848 360 1927 omnia
384 1849 533 1923 circum
558 1849 716 1924 Troiam
742 1869 781 1924 et
807 1849 930 1930 ultra,
956 1875 1034 1951 qua
1060 1847 1128 1923 visi
1154 1866 1318 1951 poterat,

225 1968 320 2044 viris
343 1981 462 2068 atque
487 1965 598 2067 equis
616 1965 771 2068 repleta,
796 1961 1002 2069 splendore
1024 1962 1236 2076 insignium
1260 1989 1319 2038 re·

226 2081 441 2186 fulgebant.
504 2081 577 2156 Eos
609 2105 743 2158 omnes
779 2081 879 2183 iugis
904 2080 1059 2188 Caucasi
1095 2079 1239 2156 montis
1271 2078 1322 2156 ad

226 2200 385 2276 Troiam
411 2195 544 2272 duxit:
571 2197 741 2300 reliquos
766 2222 893 2300 neque
919 2223 1082 2274 numero
1108 2197 1320 2292 inferiores,

227 2313 406 2420 imposito
441 2311 560 2388 Phaia
595 2311 693 2387 duee
729 2331 846 2416 atque
880 2331 1045 2398 rectore,
1081 2314 1180 2389 mari
1206 2313 1322 2391 misit.

228 2431 308 2529 Qui
333 2429 487 2535 appulsi
512 2428 703 2517 Rhodum,
730 2429 799 2506 uhi
825 2427 1130 2506 animadvertere
1154 2429 1324 2506 insulam

226 2547 382 2634 Graecis
408 2537 560 2637 socia'm,
587 2545 718 2638 veriti,
754 2569 803 2622 ne
828 2571 870 2620 re
894 2545 1046 2649 cognita
1070 2543 1323 2623 incenderen-

225 2731 501 2749 anua—uu·—

227 2835 660 2960 tttttt-tttffltttrs
680 2826 1041 2978 averterant
1063 2827 1324 2976 {attenti

224 2995 354 3051 poenam,
372 2995 454 3050 quant
476 2985 586 3030 servant
604 2977 679 3030 MSS.
698 2979 762 3040 mei,
782 2979 865 3030 Mete.
885 2984 913 3028 et
929 2975 1004 3029 crat.
1024 2975 1071 3029 Ed.
1094 2975 1172 3028 Hom.
1196 2975 1228 3028 ll.
1252 2973 1324 3030 XXI,

226 3067 270 3118 27·
289 3038 378 3110 ζωοῠς
398 3049 429 3100 ἐκ
452 3055 597 3118 ποταμοῖο
623 3046 751 3099 δυώδεκα
778 3051 875 3108 λέξατο
902 3046 1043 3116 κούρους,
1071 3043 1180 3112 ποινὴν
1198 3043 1326 3112 Πατρό-

226 3121 310 3170 οτλοτο
336 3117 533 3171 Μενοιτιάδαο
558 3121 708 3176 θανόντος.
735 3119 862 3189 Apollod.
888 3118 921 3170 lb
944 3122 968 3172 5.
986 3136 1012 3188 9.
1045 3117 1154 3174 ἵππους
1179 3144 1211 3158 «-
1241 3111 1276 3172 ὃς
1303 3113 1323 3166 ὁ

226 3177 299 3246 Ζεὺς
315 3187 423 3250 ποινὴν
443 3191 492 3252 τῆς
510 3187 691 3259 [irrupturos
707 3187 840 3260 denaris
856 3187 961 3244 ἔδωκεν
979 3187 1063 3260 αὐτῷ.
1098 3189 1134 3242 Et
1144 3188 1184 3241 sie
1198 3187 1327 3260 loquun-

228 3269 274 3315 tur
291 3257 374 3310 etiarn
393 3259 515 3311 Romani.
537 3259 577 3312 Cf.
596 3257 747 3325 Wopkens.
767 3278 793 3330 p.
808 3277 849 3330 7¹·

298 3329 343 3380 tv.
383 3328 511 3390 ΊῖτΙιοαὶ)
548 3329 625 3380 Libri
646 3328 784 3383 Tithonia

296 3401 412 3452 armatis
423 3402 508 3452 vario
521 3403 634 3472 genere)
669 3402 701 3452 ln
713 3399 789 3454 MSS.
801 3407 829 3454 et
840 3398 908 3454 Edd.
919 3397 1050 3451 adiicitur
1061 3400 1230 3472 insignium
1249 3411 1330 3466 qnae

225 3485 278 3524 vox
297 3480 371 3522 recte
390 3471 469 3522 abest
485 3469 520 3522 ab
540 3471 587 3523 Ed.
607 3469 684 3532 otu..
706 3480 738 3525 ut
755 3487 826 3542 qnae
844 3485 878 3522 ex
896 3485 974 3540 seqq.
1000 3467 1146 3541 splendore
1167 3469 1331 3540 insignium

227 3541 280 3614 ref
299 3541 442 3610 irrepsisse
464 3542 554 3610 palum
578 3541 622 3595 sit.
658 3543 721 3595 Non
747 3541 782 3594 de
801 3541 966 3610 insignium,
991 3541 1040 3591 sed
1070 3539 1104 3593 de
1131 3541 1252 3594 militum
1271 3555 1331 3610 pro

225 3627 326 3686 genere.
348 3620 376 3664 et
393 3613 453 3664 loco
473 3616 607 3665 varietate
626 3627 715 3666 termo
734 3621 782 3666 est.
820 3613 893 3665 Crat.
908 3624 1085 3665 armatorum.

297 3701 353 3756 qun
374 3683 435 3738 viri
451 3687 575 3754 poterat)
612 3685 653 3736 tta
674 3683 725 3739 Ed.
745 3683 811 3738 obt.
832 3691 861 3734 et
879 3681 1011 3734 (tort-ml
1032 3681 1096 3734 Sall.
1115 3681 1175 3750 Ing.
1201 3695 1258 3734 τοι.
1283 3694 1333 3731 τι.

222 3767 362 3827 postremo
380 3757 486 3817 omnia,
508 3773 566 3829 quo
583 3755 661 3808 visus
678 3767 759 3817 erat,
785 3765 930 3808 constrata
949 3753 1023 3806 telis.
1045 3751 1198 3804 Habuimus
1218 3749 1267 3800 111.
1283 3747 1331 3804 t5.

245 3844 282 3879 uu
308 3828 426 3878 maxime
455 3827 514 3879 viri
537 3839 657 3898 poterat.
700 3825 800 3877 Fateor
818 3833 926 3885 tumen,
950 3829 1111 3875 cunctanter
1128 3837 1172 3873 me
1192 3827 1221 3872 et
1238 3819 1336 3872 anxie

224 3844 441 3952 dhrecbtisnnm
460 3897 607 3949 lectionem
626 3895 777 3962 recepisse,
803 3903 897 3946 contra
915 3893 992 3947 MSS·
1013 3909 1137 3944 meorum
1156 3897 1186 3942 et
1204 3891 1335 3944 Meretri

225 3983 387 4019 consensum
406 3985 479 4040 quas
497 3969 556 4020 viri
572 3977 719 4037 poteram
741 3979 812 4038 qnae
833 3965 917 4018 lectio
934 3965 1110 4033 perstatim
1130 3963 1159 4015 in
1173 3955 1222 4013 Ed.
1234 3959 1337 4014 Ptine.

223 4039 360 4106 scriptura
378 4041 430 4108 qui
447 4039 506 4091 viri
521 4049 665 4108 poterant,
686 4036 731 4086 oui
750 4037 826 4089 iavet
843 4036 950 4106 egregia
969 4036 1057 4106 glossa
1075 4033 1143 4088 Edd.
1160 4034 1232 4087 Crat.
1251 4048 1341 4106 quae

225 4109 305 4163 visui
320 4109 470 4179 petebant,
488 4125 617 4178 quaeque
635 4103 782 4159 exhibetur
796 4105 919 4162 a'Wasr.
936 4107 973 4157 nd
989 4103 1057 4162 Sall.
1075 4103 1126 4158 Ιοτ.
1149 4105 1184 4174 (α.
1207 4103 1283 4174 ros.)

230 4175 1137 4317 mittentes’tutatutaeuentu
1155 4191 1173 4229 ³
1189 4173 1267 4248 ⁶²⁸⁰·
1287 4170 1340 4226 ⁶¹·

313 4287 320 4300 .
574 4286 580 4298 .
745 4290 754 4306 .
854 4283 862 4314 ,
1079 4289 1086 4307 ,
