2860 4688
446 389 544 442 nun
569 387 716 442 rttottttr
741 387 807 438 tto.
832 391 867 440 v.
1076 397 1081 414 ι
1138 373 1205 446 191
1246 447 1250 456 .

106 579 321 686 composita
347 605 391 656 re
415 576 638 658 disceditur.
695 577 770 658 Sed
794 577 922 659 media
947 581 1069 658 ferme
1093 599 1207 662 noete

106 699 260 774 Helena
286 698 386 774 clam
410 696 462 773 ad
485 702 722 776 Antenorem
741 697 867 788 venit,
888 699 1083 803 suspicans
1105 700 1209 780 tradi

107 839 152 890 ee
173 815 371 904 Menelao,
404 831 446 890 et
469 814 521 890 ob
545 811 589 890 id
614 813 715 892 iram
740 812 944 893 derelictae
970 814 1108 894 domus
1131 845 1209 896 me·

111 951 242 1010 tuens:
266 931 399 1034 itaquo
424 957 515 1008 eum
540 949 636 1022 orat,
663 930 724 1007 uti
749 931 854 1008 inter
878 949 1001 1010 cetera
1025 934 1085 1010 sui
1111 963 1209 1039 qno·

110 1073 194 1152 que
217 1048 324 1156 apud
347 1050 513 1127 Graecos
536 1050 940 1128 commemorationem
965 1051 1126 1140 laceret,
1162 1081 1208 1132 oc

112 1193 188 1274 pro
212 1191 251 1246 oe
277 1165 560 1274 deprecaretur.
609 1169 809 1260 Ceterum,
839 1185 885 1246 ut
909 1171 1110 1274 cognitum
1132 1191 1206 1262 est,

111 1303 203 1392 post
225 1283 435 1364 Alexandri
470 1284 675 1363 interitum
707 1285 828 1364 invisa
860 1285 896 1362 ei
922 1285 1029 1392 apud
1051 1289 1209 1366 Troiam

115 1405 228 1480 luere
236 1404 379 1497 omnia,
392 1401 704 1508 desideretusqne
712 1401 763 1480 ad
773 1429 860 1482 euos
873 1404 1029 1482 reditus.
1047 1409 1098 1484 At
1109 1407 1209 1484 lucis

116 1523 244 1609 initio,
271 1523 416 1629 quibus
442 1523 676 1630 imperatum
700 1539 802 1609 erat,
826 1519 878 1598 ad
895 1549 1008 1600 naves
1032 1523 1207 1609 veniunt.

114 1636 317 1716 decretum
348 1637 494 1716 civium
527 1639 678 1717 cunctis
713 1654 897 1715 narrant:
943 1636 1076 1742 itaque
1116 1663 1209 1716 cum

112 1757 203 1859 quis
226 1774 340 1833 antea
363 1755 415 1834 ad
446 1755 731 1843 confirmanda,
771 1781 872 1859 quae
898 1771 1050 1861 tempus
1074 1781 1208 1833 mone·

113 1875 200 1966 bat,
229 1873 426 1953 secedunt.
476 1875 537 1952 lbi
562 1901 688 1980 quum
712 1877 839 1952 multa
864 1869 913 1950 de
939 1873 1140 1979 republica
1162 1901 1209 1952 ac

113 2014 266 2070 summa
309 2016 441 2070 rerum
485 1991 731 2086 dissererent,
774 1991 1016 2068 voluntatem
1051 2015 1210 2094 quoquc

114 2109 285 2186 Helenae
310 2107 461 2200 docent,
487 2109 718 2214 veniamque
742 2123 874 2186 orant:
910 2125 950 2184 et
984 2105 1035 2183 od
1063 2125 1208 2213 postre-

112 2253 225 2304 mum
247 2229 484 2304 confirmant
508 2227 612 2304 inter
639 2253 680 2304 sc
714 2224 947 2333 proditionis
977 2227 1209 2332 pactionem.

114 2343 218 2420 Dein
241 2344 314 2420 nbi
341 2363 493 2450 tempus
515 2345 641 2422 visum
668 2362 741 2430 est,
774 2371 866 2421 cnm
898 2344 1011 2420 Ulixe
1044 2361 1084 2420 et
1114 2345 1208 2422 Dio·

114 2459 227 2536 mede
250 2461 301 2537 ad
324 2462 481 2548 Troiam
504 2462 688 2551 veniunt,
720 2459 893 2536 cohibito
917 2460 1033 2541 Aiace
1061 2460 1112 2536 ab
1135 2464 1208 2535 Ae-

116 2603 204 2666 nea,
226 2581 369 2658 ecilicet
393 2605 443 2656 ne
462 2607 541 2684 qua
560 2578 710 2657 insidiis
725 2578 1012 2684 opprimeretur
1032 2577 1117 2654 tulis
1136 2578 1209 2668 vir,

114 2721 238 2800 quem
269 2699 395 2776 solum
429 2697 586 2774 barbari
617 2723 699 2773 non
734 2721 840 2772 secus
873 2721 993 2798 quam
1017 2693 1209 2772 Achillem

115 2811 352 2894 metuebant.
403 2816 531 2920 igitur
556 2833 761 2922 postquam
786 2811 902 2890 duces
926 2812 1065 2890 Graeci
1090 2811 1134 2887 in
1156 2813 1210 2890 ci-

114 2930 236 3008 vitate
257 2933 449 3038 conspecti
474 2949 576 3023 sunt,
602 2931 733 3008 cuncti
760 2930 858 3007 circe
879 2929 1025 3006 tollunt
1044 2953 1111 3036 spe
1125 2929 1211 3004 ani-

114 3073 207 3140 mos,
233 3050 491 3126 existimantes
516 3049 634 3126 finem
658 3046 753 3124 belli
778 3065 896 3152 aupue
917 3043 1209 3124 discordiarum.

116 3169 256 3267 ltaque
279 3193 444 3274 propere
467 3187 620 3246 mustus
644 3164 819 3256 habitus,
844 3165 913 3240 ubi
939 3162 1078 3242 nostris
1102 3189 1211 3268 prae-

113 3281 289 3360 sentibus
324 3282 567 3376 decernitur,
609 3283 782 3390 primum
821 3281 999 3357 omnium
1036 3279 1210 3357 Antima-

114 3397 238 3476 chum
260 3423 308 3476 ex
332 3401 439 3478 omni
463 3399 632 3506 Phrygia
655 3397 932 3486 exsulandum,
969 3398 1116 3475 scilicet
1140 3423 1208 3472 au·

112 3535 262 3594 ctorem
299 3518 397 3596 tanti
423 3521 525 3596 mali.
577 3517 680 3596 Dein
704 3543 820 3624 super
849 3515 1072 3598 conditione
1104 3515 1209 3623 pacis

115 3636 277 3713 mouri
302 3656 495 3746 coeptum.

186 3923 236 3976 ΠΙ.
272 3943 334 3980 curt
351 3924 531 4000 prienaee)
566 3924 607 3977 lta
626 3921 712 3984 libel,
734 3935 792 3974 non
810 3919 919 3994 quibus.
956 3917 1038 3971 Forte
1064 3917 1211 3986 legendum

109 4011 176 4050 eun
216 3993 361 4050 oilardum
380 3997 559 4064 rltVinding.
595 3993 672 4048 Nthtt
687 3993 734 4048 lale
751 3991 924 4048 movendum.
960 3987 1118 4042 Orationem
1137 3997 1211 4042 recte

108 4015 232 4134 expulit
250 4069 343 4120 Anna:
363 4067 398 4120 ad
414 4065 600 4120 confirmando
619 4081 669 4134 cn,
708 4079 759 4116 nee
776 4069 885 4132 tempus
901 4059 1051 4123 nomme,
1077 4059 1211 4114 secedim

107 4153 176 4190 eum
195 4137 314 4201 lisdem,
333 4139 496 4208 quibuscum
515 4146 604 4190 nutet.
636 4137 670 4189 cl.
743 4135 813 4193 ὀι.
846 4131 919 4190 niu.
938 4129 961 4202 §.
977 4131 1030 4182 tlt..
1065 4129 1116 4184 Pro
1133 4143 1210 4184 etce-

107 4206 187 4262 dunt
208 4207 291 4265 Rern.
306 4207 466 4266 succedent.
485 4210 534 4262 Ed.
555 4209 642 4264 Prlnc.
659 4205 781 4263 eredens.
799 4227 830 4251 -ο
856 4203 900 4258 Ad
922 4201 1024 4256 calcem
1049 4215 1109 4274 esp.
1130 4201 1209 4260 Ben.

106 4291 200 4352 cuper
217 4283 359 4338 commta·
379 4279 550 4338 emulcet.
