2808 4686
454 387 671 446 ctussuusuu
694 395 759 450 1111.
785 372 834 450 iv·
1115 378 1184 452 ³4¹

100 565 217 630 exeunt
233 587 359 654 pugnae
382 571 542 646 aduersae.
586 580 745 668 Hegesipp.
767 583 811 650 ll.
824 585 869 653 25.
890 609 981 674 quesn
991 591 1080 674 sugo
1098 592 1186 675 peri·

98 667 168 730 culo
185 685 354 737 exemerat.
609 741 618 758 ‚

182 771 389 858 placitumque
411 777 468 852 ute]
509 778 613 844 Pluut.
634 783 749 868 Amph.
770 805 799 847 2.
823 809 854 850 2.
873 788 901 854 5.
926 787 979 851 Ita
999 789 1061 852 Dis
1079 791 1185 874 placi·

96 879 178 944 tum,
201 870 390 954 uoluptatem
409 889 442 936 at
458 898 582 940 moeror
601 903 698 946 eomes
728 901 932 972 consequautr.
973 890 1062 952 Tueit
1094 889 1181 952 Anu.

98 965 125 1028 l.
147 967 196 1030 56.
212 969 383 1052 platinam,
417 977 463 1038 uti
494 1011 537 1026 -
557 981 747 1046 scriberetur.
790 987 896 1050 111.6.
924 990 1101 1074 placitum,
1141 989 1188 1052 uti

97 1067 271 1132 mitteretur.
312 1071 408 1134 Dares
436 1095 464 1141 e.
489 1077 540 1154 40.
573 1081 707 1144 orionibus
725 1085 869 1167 placitum
889 1101 948 1167 est,
969 1099 1001 1150 ut
1006 1087 1096 1173 fides
1108 1107 1184 1172 ptu-

98 1163 250 1226 ditorilus
268 1184 412 1238 seruetur.
435 1173 518 1242 alibi.

182 1278 307 1328 naturae
325 1291 468 1358 sextaque
490 1276 704 1361 conditionem)
746 1281 947 1348 Abundanter
967 1283 1095 1364 dictum,
1114 1307 1184 1370 prot

99 1371 241 1426 naturum
261 1367 412 1432 foemineo
444 1376 525 1436 sexui
559 1382 723 1460 proprium.
774 1383 875 1446 Habes
905 1385 1055 1469 figuram,
1091 1405 1184 1468 quam

101 1467 289 1546 grammatici
310 1481 421 1532 vocant
443 1473 476 1534 ἓν
496 1470 550 1536 tut
573 1475 679 1540 sivoio:
705 1480 743 1544 de
762 1467 823 1566 qua
844 1487 946 1546 omnio
964 1483 1095 1568 vulgata.
1139 1485 1186 1549 De

97 1566 222 1626 nomine
240 1565 376 1630 conditio
408 1591 437 1638 v.
458 1573 496 1636 ud
519 1575 560 1636 ll.
579 1575 630 1656 42.
652 1580 700 1641 Cf.
724 1581 881 1668 Hegesipp.
906 1585 929 1650 1.
955 1605 1001 1649 12.
1022 1596 1055 1646 ut
1072 1615 1116 1632 -
1131 1605 1181 1646 su·

94 1681 158 1746 pm
166 1665 323 1743 Jbeminei
343 1690 434 1732 sextu
453 1675 655 1738 conditionem
671 1681 795 1762 proelia
819 1683 1005 1768 disponeret.

177 1778 354 1848 postremae
375 1769 594 1851 desperationis
625 1791 712 1863 atque
731 1784 893 1862 amentiae)
917 1781 1095 1846 Postremae
1119 1786 1172 1847 i.e

100 1881 247 1926 summae.
289 1865 382 1950 Apul.
404 1869 443 1931 de
466 1873 574 1954 Dogm.
596 1873 677 1943 Plu.
699 1900 728 1961 p.
750 1880 821 1942 256.
844 1881 923 1942 tllted
934 1889 1108 1967 postremae
1130 1885 1185 1945 de·

101 1965 230 2025 mentiae
258 1980 309 2026 est.
339 1989 396 2050 pro
427 1992 488 2053 quo
517 1971 587 2036 Sall.
612 1976 677 2060 lug.
698 1980 726 2046 3.
755 1993 917 2043 extremae
946 1977 1113 2044 dementiae
1131 1997 1183 2046 est.

100 2062 285 2148 Desperatio
308 2077 353 2129 est
377 2069 569 2152 desperatum
589 2075 731 2152 facinus,
755 2079 876 2161 perdita
896 2089 927 2142 et
947 2078 1103 2164 profligate
1126 2103 1184 2144 uu·

104 2158 201 2228 daeie.
245 2164 337 2246 Apul.
361 2170 432 2235 Met.
452 2171 490 2233 X.
512 2192 543 2254 p.
564 2176 635 2258 728.
666 2199 726 2261 qua
747 2179 830 2239 mira
850 2179 1062 2262 desperatione
1084 2194 1180 2242 tnseu·

99 2258 198 2322 lentae
218 2265 367 2345 feminae
399 2284 521 2352 repente
546 2275 738 2357 pertrabatur
767 2277 907 2338 medieas.
926 2275 979 2338 ubi
1000 2297 1032 2340 v.
1053 2277 1184 2344 Ouden-

100 2357 235 2442 dorpius.
258 2363 337 2432 Vell.
357 2367 425 2430 Pet.
446 2367 485 2436 11.
506 2371 537 2436 6.
555 2373 584 2438 5.
607 2395 729 2458 spesque
747 2373 956 2457 desperatione
975 2379 1120 2461 quaesito.

183 2453 386 2545 spectaculum
406 2469 529 2550 dignum
549 2473 677 2534 moribus
698 2477 759 2534 suu
776 2473 927 2557 praebuit)
969 2475 1105 2536 Moribus
1127 2479 1144 2538 i.
1157 2497 1186 2546 ο.

101 2561 204 2636 luctis,
224 2561 264 2622 ed
284 2585 362 2646 quae
385 2589 441 2648 pro
461 2570 576 2650 ingenii
597 2573 643 2632 eui
672 2572 828 2634 ferocitate
849 2572 981 2636 adducta
1004 2585 1078 2638 eret.
1118 2576 1185 2636 Vo-

101 2662 175 2741 pise.
195 2661 320 2730 Numer.
347 2667 392 2726 15.
413 2667 534 2750 digruem
557 2671 686 2730 osoribus
718 2674 776 2732 sues
795 2674 910 2732 exitum
930 2671 1023 2738 dedit.
1045 2692 1104 2754 pro
1124 2695 1185 2758 quo

96 2759 219 2822 Terent.
232 2761 328 2827 Andr.
352 2767 404 2833 111.
417 2765 444 2834 5.
455 2769 505 2845 43.
528 2768 571 2830 Ae
582 2770 637 2830 tibi
652 2769 933 2850 Didigmemsoetis
948 2772 1064 2832 amm
1077 2773 1179 2836 duint.

101 2858 196 2940 Apul.
220 2862 295 2924 uos.
316 2863 370 2928 lV.
391 2888 421 2948 p.
444 2889 493 2950 77.
519 2868 583 2950 Bip.
619 2869 745 2952 dignum
767 2869 926 2930 uirtuu'bus
947 2872 1006 2930 suis
1017 2873 1101 2932 vitae
1121 2887 1184 2934 ter·

99 2959 213 3022 minum
223 2963 333 3046 posztit.
362 3015 365 3022 ,
387 2967 490 3028 liores
518 2979 548 3030 et
570 2965 663 3050 sacta
688 2969 844 3052 coniungit
861 2967 1021 3031 Sallustius
1042 2970 1105 3031 Cet.
1127 2971 1179 3036 55.

98 3057 223 3137 aigum
245 3061 373 3122 moribus
384 3067 548 3149 factisque
565 3069 625 3127 suis
646 3071 761 3130 exitum
782 3071 868 3129 uitae
887 3069 1013 3130 inuenit.
1036 3069 1082 3136 Ci.
1095 3069 1183 3141 Flor.

99 3155 143 3214 ΙΙ.
169 3157 199 3233 4.
222 3179 250 3242 7.
275 3162 402 3222 mon'btu
422 3167 481 3222 suis
504 3164 618 3226 domiti
630 3164 824 3249 ferocissimi
850 3168 990 3230 Ιιοετίωη.
1009 3179 1039 3230 et
1058 3168 1184 3234 Freins-

97 3251 181 3322 hem.
203 3258 234 3318 in
256 3258 321 3322 lud.
342 3259 382 3320 ud
402 3261 489 3330 Flor.

183 3355 239 3421 lV.
281 3362 314 3420 in
345 3382 434 3422 wsum
459 3363 559 3423 multis
585 3363 858 3444 milibus'armatis)
908 3365 979 3430 Vid.
1000 3367 1132 3436 Praestet.
1152 3391 1182 3452 p.

94 3453 209 3524 XLVI.
250 3457 412 3540 Perperene
433 3459 534 3522 lucum
554 3465 636 3544 eupit
655 3464 826 3546 Wopkens.
848 3487 878 3547 p.
899 3487 949 3550 71.

185 3557 259 3615 viris
281 3571 374 3640 atque
394 3563 487 3644 equt's)
509 3561 655 3626 Formula
675 3563 707 3623 iu
728 3563 925 3646 proverbium
947 3567 1032 3632 abiit.
1056 3585 1086 3631 ν.
1102 3568 1182 3628 Gru-

93 3673 168 3720 nov.
191 3653 231 3714 ad
255 3655 325 3716 Lis.
349 3657 433 3721 XXI.
455 3681 517 3744 273
538 3661 653 3728 Duker.
673 3660 712 3722 ud
734 3661 761 3722 F
763 3662 817 3725 lor.
838 3663 862 3727 l.
889 3661 933 3731 18.
956 3663 986 3725 6.

178 3756 256 3834 iugis
287 3755 429 3835 Caucasi)
471 3761 493 3830 i.
525 3781 551 3824 e.
570 3759 609 3822 de
642 3763 809 3826 montibus.
860 3763 957 3824 Tacit.
985 3761 1063 3824 Hist.
1084 3765 1108 3829 Ι.
1128 3761 1181 3830 61.

91 3851 219 3912 Peninis
239 3853 315 3934 iugis
332 3855 459 3936 degredi
482 3861 592 3927 iussus.
614 3881 663 3943 7ο.
693 3883 764 3923 num
794 3861 950 3924 Rlsaetieis
970 3857 1046 3940 iupis
1068 3861 1102 3922 in
1116 3859 1183 3922 No·

87 3953 188 4014 ritum
202 3952 346 4032 flecteret.
376 3959 444 4020 Lis.
468 3959 571 4024 xx11.
596 3959 641 4021 18.
674 3961 787 4022 Fatus
809 3960 924 4022 medius
944 3959 1093 4040 (Gronov.
1113 3979 1180 4022 me·

89 4049 166 4128 dise)
187 4052 267 4113 iuter
301 4055 431 4116 lsostium
459 4077 569 4138 apaten
592 4059 751 4144 urbemque
775 4061 905 4122 Romam
925 4059 1006 4140 iugis
1029 4056 1180 4136 ducebat,

86 4147 107 4212 i.
129 4169 160 4209 e.
183 4171 238 4230 per
259 4163 389 4231 montes,
413 4155 582 4241 explicante
597 4161 761 4224 Gronovius.
803 4157 876 4222 Alia
898 4157 1002 4222 Heius.
1023 4155 1062 4220 ad
1085 4157 1180 4226 ovid.

88 4246 167 4316 Her.
192 4247 231 4316 V.
256 4271 305 4314 20.
