2726 4686
248 349 295 420 ot
498 427 500 434 ,
629 371 746 420 nrerrs
772 369 949 420 cumensis

250 557 467 638 Alexander
501 579 726 664 congregata
760 578 996 638 armatorum
1031 585 1150 638 manu
1172 562 1223 638 ad
1249 590 1327 669 pro-

224 672 463 794 ·hihendum
488 676 612 752 venit:
638 702 728 750 eum
754 675 831 752 duo
856 677 1005 768 Aiaces,
1030 678 1256 782 priusquam
1281 677 1326 752 ad

249 793 438 895 templum
462 791 811 896 appropinquaret,
838 791 1046 867 intersectis
1072 793 1251 896 plurimis
1274 795 1328 870 fu·

247 930 388 1008 gavero
439 905 509 982 Sed
531 906 709 1010 Chryses,
746 933 862 1010 qncm
895 905 1128 984 sacerdotem
1151 909 1327 985 Sminthii

248 1021 437 1124 Apollinis
470 1049 585 1126 supra
619 1021 799 1107 diximus,
834 1024 1037 1126 utriusque
1069 1024 1255 1100 exercitus
1278 1025 1329 1100 ol-

246 1137 389 1212 sensam
416 1159 607 1232 metuens,
641 1141 804 1244 quisque
838 1139 1009 1244 partium
1034 1138 1083 1215 ad
1109 1166 1199 1216 eum
1223 1167 1329 1214 venc-

250 1271 327 1342 rat,
355 1279 445 1329 cum
469 1251 529 1330 his
551 1280 590 1330 se
613 1253 840 1332 adiunctum
866 1281 942 1330 esse
965 1253 1182 1332 simulabat.
1229 1259 1329 1330 Inte-

246 1371 322 1444 rim
358 1369 400 1445 in
427 1395 478 1446 eo
503 1371 687 1447 sacrificio
713 1371 940 1460 Philocteta,
974 1369 1081 1446 baud
1112 1371 1245 1476 procul
1282 1371 1327 1446 ab

247 1511 314 1559 ara
341 1485 473 1590 templi
498 1487 581 1562 eius
605 1506 745 1572 astans,
771 1514 903 1564 morsu
924 1487 1108 1592 serpentis
1124 1487 1220 1564 forte
1241 1515 1328 1563 oon-

247 1599 430 1704 tingitur:
481 1601 571 1692 dein
599 1604 648 1678 ab
673 1603 862 1692 omnihus,
886 1603 956 1706 qui
973 1601 1327 1691 animadverterant,

244 1717 413 1792 elamore
439 1718 613 1810 sublato,
647 1721 773 1796 Ulixes
804 1745 1007 1795 accurrens
1032 1738 1245 1823 serpentem
1272 1720 1328 1792 in-

247 1833 404 1910 terficit:
431 1859 556 1936 neque
580 1837 704 1909 multo
729 1852 813 1939 post
836 1835 1046 1910 Philocteta
1072 1861 1160 1908 eum
1185 1834 1325 1938 paucis,

244 1947 303 2022 uti
321 1968 532 2035 curaretur,
552 1952 740 2024 lemnum
762 1951 927 2024 insulam
945 1949 1133 2050 mittitur:
1159 1975 1325 2050 namque

245 2061 288 2138 in
314 2089 368 2154 ea,
392 2089 496 2138 saera
520 2059 717 2149 Vulcano,
741 2065 928 2142 antistites
951 2063 1013 2140 dei
1035 2064 1250 2141 inhabitare
1276 2065 1325 2138 ab

242 2180 379 2256 accolis
403 2179 621 2273 dicebatur,
653 2181 780 2274 solitos
813 2179 957 2258 mederi
982 2179 1160 2260 adversus
1181 2206 1326 2258 venena

242 2295 476 2376 huiusmodi.
511 2290 515 2300 '

247 2493 539 2513 -ι-ιι-

244 2631 279 2670 ex
303 2589 467 2672 narrationla
493 2617 542 2670 iilo
571 2613 704 2686 intelligit
744 2615 892 2670 Salmasius
913 2615 950 2667 ad
977 2617 1056 2669 Aram
1077 2613 1214 2668 Dosiadac
1245 2613 1269 2664 Τ
1271 2614 1329 2670 tes

242 2691 335 2812 Antitp
355 2691 450 2741 Graec.
468 2689 559 2743 Pelen.
578 2689 711 2760 supplem.
736 2685 768 2738 T.
787 2689 820 2739 ll.
844 2705 870 2758 p.
888 2689 948 2756 696.
986 2687 1098 2739 Latinus
1122 2693 1212 2738 autem
1241 2685 1330 2736 inter«

241 2775 304 2832 pres
337 2762 475 2830 eptimins,
493 2761 580 2812 nimio
599 2775 682 2830 saepe
700 2756 842 2810 brevitatis
861 2757 952 2808 studio
965 2759 994 2808 in
1012 2755 1210 2810 contrahendis
1228 2757 1329 2824 cicun

244 2832 449 2884 narrationibus
468 2830 633 2893 adstrictus,
660 2839 743 2900 atque
764 2829 846 2880 etiam
864 2828 1048 2896 negligentiae
1065 2829 1164 2896 pasalan
1187 2843 1267 2889 reus,
1303 2837 1329 2878 ut

242 2901 306 2953 aliis
325 2902 410 2966 locis,
429 2901 468 2954 sic
483 2910 598 2963 nostro,
618 2916 688 2972 quac
706 2899 741 2952 ad
756 2899 967 2967 intelligentiam
985 2905 1048 2950 sunt
1064 2897 1235 2960 receneris,
1261 2901 1329 2950 ouri-

241 2973 293 3024 sit:
313 2973 407 3024 urbem
427 2969 555 3038 Chrysam
576 2971 690 3032 reticet,
710 2972 740 3022 in
763 2969 941 3041 sequentibus
964 2977 1057 3022 antem
1084 2967 1120 3020 ad
1148 2985 1222 3028 eam,
1253 2969 1329 3036 quasi

242 3041 296 3092 iam
316 3049 510 3105 memoratam,
529 3056 679 3093 sermonem
698 3039 789 3091 refert.
826 3039 908 3092 Plane
937 3047 967 3091 ut
993 3039 1042 3091 lib.
1065 3040 1090 3097 l,
1106 3041 1132 3104 4.
1157 3037 1192 3090 de
1217 3039 1329 3092 inieras

242 3129 259 3164 a
282 3112 367 3165 aniam
387 3113 495 3182 agitur,
517 3112 595 3230 pensi
615 3111 644 3163 ia
663 3108 893 3181 praecedentibus
913 3111 972 3162 eiua
990 3109 1063 3162 iacta
1085 3109 1125 3160 sit
1148 3111 1266 3162 mentio.
1295 3109 1328 3168 el.

242 3191 300 3234 not.
318 3199 346 3234 cr
373 3183 407 3234 ad
426 3181 474 3233 lib.
492 3181 538 3232 v.
558 3199 584 3234 a.

310 3267 370 3304 euna
390 3249 571 3314 duodicem)
607 3249 677 3302 Crat
716 3249 799 3316 Quem
815 3245 927 3321 quidem
944 3248 1046 3303 Aiaces
1062 3245 1127 3303 duo.
1161 3248 1328 3302 trustem.

241 3319 373 3394 offensam
389 3334 519 3378 metuens.
553 3319 601 3374 Ed.
625 3319 707 3372 Pride
730 3315 861 3389 mff’cnsam
878 3322 984 3372 timens.

312 3394 429 3466 quiaque
445 3405 518 3464 part.
540 3389 580 3446 ed
602 3405 661 3444 eum
686 3399 819 3452 venerat)
854 3389 915 3440 Mea
935 3389 1007 3441 Crat.
1034 3397 1063 3441 et
1087 3389 1217 3458 antiquae
1237 3387 1328 3450 Edu,

243 3477 311 3532 quas
332 3465 498 3515 Burruannus
516 3461 551 3513 ad
568 3460 648 3513 Ovid.
666 3460 696 3512 A.
715 3462 772 3512 Am.
790 3461 811 3514 l.
829 3461 889 3529 267.
907 3477 935 3512 se
953 3460 1053 3512 vidisse
1073 3467 1206 3521 testatur,
1222 3457 1328 3512 babrni

262 3532 374 3604 uisquis.
394 3533 451 3584 scil.
476 3550 491 3583 a
512 3530 679 3584 sclsoliaata:
697 3547 758 3582 nam
781 3531 898 3603 quisque
917 3537 960 3584 est
977 3531 1079 3601 quicun
1103 3547 1151 3591 ue,
1181 3538 1213 3580 ut
1233 3529 1328 3580 docuit

241 3551 361 3686 depisca-
380 3604 442 3690 Dipo
468 3604 492 3670 §-
510 3601 563 3654 xi..
586 3609 615 3686 et
632 3609 694 3670 post
708 3594 780 3686 'euna'
798 3598 944 3670 Wopkens.
960 3617 989 3684 p.-
1001 3605 1053 3684 ai..
1078 3547 1246 3685 dindingius
1267 3617 1327 3650 eor

241 3683 354 3797 {itit
374 3669 1327 3810 t.³‘.‘5t.?...¹s.‘.⁸tt':t.tt⁰lthlazt.destitutam

241 3813 274 3864 ci.
295 3815 381 3867 Gloss.
417 3815 533 3868 Eaedem
562 3811 630 3866 Edd.
656 3823 803 3867 venerant.
833 3828 913 3881 quam
941 3813 1105 3868 lectionem.
1132 3827 1147 3860 a
1171 3813 1327 3863 Burmanni

241 3886 400 3954 praelatam,
418 3885 560 3938 corinello
580 3891 644 3954 apto
665 3883 789 3951 exemplo
809 3881 961 3948 probatam,
984 3880 1109 3950 explodit
1125 3879 1226 3950 Wopk.
1246 3897 1274 3950 p
1292 3881 1327 3950 'l

246 3953 301 4008 Sed
318 3957 351 4006 cl.
369 3955 477 4010 liuhnk.
497 3955 531 4008 ad
553 3955 663 4006 't'erent
683 3955 750 4006 Eun.
771 3951 839 4003 Prot.
861 3955 920 4006 luit.
942 3952 1013 4004 niet.
1031 3968 1057 4021 p.
1077 3953 1119 4004 88.
1153 3991 1157 4010 .

317 4029 348 4081 in
365 4045 417 4090 ea,
436 4045 519 4081 sacra
542 4024 665 4078 Vulcano
684 4023 747 4095 cet.)
783 4023 829 4076 Sic
848 4031 936 4076 totum
954 4023 1043 4074 locum
1061 4019 1137 4074 MSS.
1164 4019 1326 4072 auetoritat

247 4099 374 4150 restitui.
394 4115 452 4148 rum
472 4105 551 4149 antes
572 4093 716 4145 ederetur:
741 4095 772 4147 in
791 4111 824 4146 ea
849 4097 926 4148 aaers'
946 4092 1064 4146 Vulcani
1086 4104 1142 4144 ant.
1170 4089 1271 4144 a'nhah.
1306 4109 1326 4142 α

246 4170 335 4223 acroi.
353 4167 535 4229 dicebantur,
563 4165 641 4218 soliti
658 4162 730 4221 med.
762 4162 830 4213 Nam
853 4165 870 4215 S
897 4164 970 4218 Gall.
989 4179 1042 4215 sec.
1061 4162 1102 4212 lh'.
1133 4163 1163 4212 iu
1189 4177 1225 4212 ea
1252 4177 1326 4212 soen

249 4237 373 4294 Vulcano
390 4240 533 4294 antestites
550 4233 745 4321 dsinhabitare
762 4235 791 4304 (i.
812 4249 836 4287 e.
855 4233 901 4290 dri
917 4235 1003 4288 habit.
1026 4233 1070 4286 rei
1095 4231 1141 4286 dei
1158 4227 1281 4292 insat„
1311 4245 1326 4282 u
