2602 4680
493 295 722 350 DISSERTATIO·
1075 301 1135 350 ul

132 483 219 549 Vlll.
260 483 322 546 Sed
341 485 389 548 vel
412 487 541 548 maxime
574 485 604 548 id
626 487 722 570 liquet
743 507 778 548 er
795 489 841 552 lo.
862 486 994 562 Malela,
1019 489 1044 548 si
1066 507 1136 554 curu

70 593 158 644 nostro
177 585 352 647 conseratur
372 585 515 670 Septimio
537 587 567 646 in
586 588 640 662 iis,
662 607 740 668 quae
765 587 923 680 exDietye
949 606 981 645 se
1002 564 1136 650 hausisse

72 683 223 764 pmlitetur.
241 685 326 746 Adeo
340 687 423 748 enim
434 697 607 770 congruunt
623 686 704 762 istie,
717 707 778 746 uon
788 688 819 746 in
833 684 992 746 historiam
1006 695 1136 764 tantum,

68 783 114 842 sed
138 793 166 844 et
193 785 223 844 in
250 785 391 848 ordinem
413 806 517 846 rerum
539 805 574 846 ac
598 785 781 862 verborum,
815 796 850 844 ut
870 797 977 846 caecus
993 773 1061 846 'esse
1082 783 1137 846 de-

63 879 129 942 beat
143 893 192 944 aut
212 883 400 964 obstinatus,
421 888 472 968 qui
495 896 600 966 neget,
625 885 713 946 illum
736 883 878 946 hahuisse
896 894 1056 963 nostrum,
1080 883 1136 946 sed

64 983 200 1044 Graecum
233 997 357 1060 tamen,
390 985 504 1068 Dictys
533 993 606 1046 ante
635 983 749 1046 oculos.
790 984 961 1067 specimina
981 981 1136 1065 quaedam

62 1081 234 1162 proferemus
262 1106 353 1164 mox,
385 1096 421 1144 ut
444 1083 659 1160 ostendamus,
680 1083 859 1178 Septimium
881 1105 916 1146 cx
937 1085 1056 1145 Graeco
1077 1083 1136 1144 Di-

63 1191 129 1262 ctpe
143 1181 214 1244 hanc
234 1185 432 1245 concinnasse
455 1186 637 1246 versionem

139 1282 192 1342 tx.
211 1282 311 1344 Multa
330 1295 431 1344 tamen
456 1294 486 1346 et
508 1283 567 1345 alia
588 1283 690 1358 habet,
715 1304 794 1367 quae
816 1283 899 1368 apud
912 1293 1051 1346 nostrum
1071 1303 1136 1344 noa

64 1394 232 1466 comparent,
255 1382 355 1444 multa
376 1383 470 1444 etiam
490 1381 589 1445 aliter.
610 1383 726 1446 Prioris
746 1383 866 1468 generis
888 1395 959 1446 sunt
978 1383 1134 1446 characte-

65 1500 113 1540 res
132 1492 158 1542 et
176 1479 389 1566 descriptiones
402 1483 587 1544 Graecorum
598 1469 863 1566 Troianorumque
877 1483 990 1544 ducum
1010 1503 1045 1544 ae
1068 1505 1133 1544 ma·

68 1589 217 1656 tronamm,
240 1603 316 1664 quas
337 1581 465 1646 Malclas
486 1592 518 1644 et
538 1586 639 1644 lsacus
657 1583 942 1667 Porphyrogeuitns
965 1571 1077 1664 pariter
1098 1603 1134 1642 es

69 1679 164 1763 Dictys
179 1685 317 1746 sumsisse
337 1703 370 1745 se
393 1681 534 1764 tradunt,
556 1682 626 1744 licet
647 1681 701 1766 ipsi
725 1684 754 1743 in
780 1684 883 1744 verbis
903 1681 1032 1743 multum
1054 1703 1134 1766 quo-

70 1783 209 1862 quainter
228 1804 260 1844 se
280 1803 368 1866 saepe
387 1783 524 1861 diversi,
559 1793 589 1844 ct
610 1804 685 1866 quas
707 1785 738 1842 in
761 1794 868 1844 nostro
889 1785 999 1868 Dictys
1019 1783 1134 1844 frustra

66 1901 197 1960 queem.
218 1903 280 1964 quo
303 1893 481 1968 argumento
502 1883 593 1944 lanus
614 1881 790 1965 llutgersius
813 1881 890 1942 Var.
914 1879 998 1948 Leet.
1019 1879 1059 1942 V.
1080 1902 1132 1942 no.

68 1979 115 2040 ubi
132 1983 166 2048 ls.
183 1980 455 2066 Porphyrogeniti
470 1982 658 2044 characteres
679 2004 714 2042 ex
736 1981 822 2045 atsto
842 1979 1026 2046 Amstelaed.
1049 1979 1134 2040 exhi·-

64 2077 122 2153 bet,
139 2102 205 2144 eum
224 2093 325 2144 censet
344 2097 402 2144 aut
419 2084 527 2160 aliurn,
554 2103 647 2167 quma
666 2102 721 2144 nos
744 2079 1134 2162 labemus,ltab1u'sseDi-

64 2191 134 2256 Ctyo,
155 2196 206 2244 aaa
222 2183 372 2246 mersor-ia
392 2183 525 2266 lapsum,
552 2181 672 2268 quando
689 2201 759 2243 suos
782 2183 998 2242 characterese
1020 2179 1133 2260 Dictys

65 2299 94 2338 se
118 2284 240 2343 amisisse
257 2282 344 2344 dicit.
398 2283 442 2342 At
463 2303 537 2344 vero
559 2303 621 2342 uon
643 2279 695 2342 ille
715 2291 857 2362 tantum,
877 2279 930 2342 sed
952 2289 984 2342 et
1004 2277 1132 2342 Malelas

67 2395 97 2434 er
117 2378 216 2462 Dictys
238 2403 270 2442 se
292 2402 342 2441 eos
366 2382 521 2462 repetiisse
544 2380 637 2440 tradit
658 2401 687 2464 p.
713 2377 780 2462 154.

140 2481 178 2541 X.
220 2481 328 2566 Neque
341 2482 451 2544 mirum
468 2481 556 2560 adeo,
570 2483 716 2570 innostro
730 2502 791 2542 non
808 2479 937 2562 reperiri
957 2499 1019 2552 eos,
1035 2499 1131 2562 quum

68 2576 208 2660 Septimius
226 2581 340 2642 diserte
358 2591 508 2658 testetur,
532 2602 566 2642 se
586 2581 700 2664 Dictyu
722 2583 873 2642 Graecum
894 2577 1087 2658 contraxisse,
1103 2589 1133 2639 et

72 2679 125 2738 eius
139 2683 301 2764 posteriora
321 2693 419 2760 certe,
439 2693 568 2763 quatuor
585 2681 631 2741 vel
644 2683 791 2764 quinque,
813 2677 967 2754 volumina
990 2680 1022 2738 iu
1043 2699 1132 2738 unum

70 2775 211 2862 redegisse.
252 2779 393 2840 Priorum
415 2781 537 2864 quidem
559 2782 601 2840 ait
621 2801 652 2840 se
668 2779 792 2840 eamdem
815 2795 1130 2854 seruassenumerum,

69 2877 113 2936 scil
130 2901 191 2940 cum
211 2879 330 2940 delectu
350 2880 433 2940 haud
453 2880 566 2959 dubie,
590 2891 620 2940 et
641 2877 728 2940 solita
750 2879 924 2939 versionum
944 2877 1032 2938 istius
1055 2887 1134 2936 tem·

67 2978 138 3055 poris
155 2978 290 3040 libertate
307 2987 351 3060 (ut
372 2977 420 3042 vcl
443 3001 477 3040 cr
501 2979 623 3054 Rufino,
647 2979 765 3060 losephi
785 2982 963 3059 interprete,
980 2981 1130 3055 constet),

70 3085 143 3156 atque
159 3079 234 3142 adeo
251 3082 304 3152 ita,
328 3095 360 3139 ut
373 3081 402 3138 in
419 3081 454 3140 iis
465 3079 618 3162 prioribus
631 3101 754 3162 quoquc
770 3079 1025 3161 praetermitteret
1037 3099 1129 3160 quae·

70 3173 142 3258 (lam,
161 3177 209 3240 vel
241 3181 353 3262 quibus
381 3201 490 3262 parum
510 3183 573 3261 ipse
604 3179 830 3256 delectabatur,
854 3179 901 3240 vel
923 3199 1001 3260 quae
1022 3178 1062 3239 ad
1081 3200 1132 3240 ar-

71 3291 224 3354 gumeutum
240 3279 415 3341 ornandum
432 3288 488 3340 aut
511 3279 720 3340 instruendum
741 3279 842 3340 minus
863 3279 1007 3340 censebat
1026 3299 1132 3338 neces-

71 3377 142 3438 saria.
180 3379 259 3440 Nam
281 3377 364 3461 quod
386 3377 536 3462 affirmat,
558 3399 591 3440 se
614 3399 675 3456 ea,
702 3379 748 3439 uti
766 3391 872 3458 eraut,
904 3379 1016 3439 Latine
1036 3377 1132 3438 dissc-

71 3476 157 3556 ou'sre,
176 3478 209 3538 id
228 3499 315 3556 vero,
330 3500 425 3561 quum
437 3479 469 3539 in
491 3479 666 3538 universum
688 3476 726 3538 de
746 3483 811 3539 toto
834 3477 956 3538 dicatur
975 3473 1134 3560 opusculo,

73 3577 138 3638 cuius
157 3590 256 3641 tamen
277 3581 431 3661 posterior
455 3577 710 3662 parslcertissime
729 3599 763 3639 ex
778 3577 917 3662 pluribus
927 3576 1133 3640 voluminibus

74 3676 96 3732 lu
114 3691 264 3758 unumflest
284 3691 462 3760 eontracta,
485 3677 715 3762 intelligendum
739 3701 811 3762 ergo
835 3680 898 3761 ita,
922 3688 957 3740 ut
980 3699 1040 3739 non
1064 3688 1133 3738 tnn-

76 3783 123 3836 tum
143 3779 215 3842 nihil
237 3801 339 3842 rerum
363 3780 402 3840 de
422 3799 476 3840 suo
496 3780 650 3860 scripserit
670 3789 723 3839 aut
749 3778 873 3839 aliunde
898 3777 1056 3848 adiecerit,
1079 3775 1133 3836 scd

78 3893 149 3958 teque
176 3877 343 3964 quidquam
373 3879 580 3939 immutaverit
608 3899 643 3938 ex
672 3879 728 3955 iis,
751 3897 828 3960 quae
848 3876 983 3936 Graecus
1003 3872 1056 3934 ille
1077 3875 1133 3934 Di·

76 3983 123 4056 ctps
138 3982 296 4041 memoriae
316 3977 501 4061 prodiderat.
524 3978 613 4039 Certe
635 3979 715 4037 euim
738 3977 872 4037 omisisse
894 3995 964 4036 eum
985 3971 1133 4034 nonnulla

77 4083 113 4134 aut
131 4077 246 4142 brevius
267 4079 446 4163 exposuisse,
469 4082 559 4140 etiarn
583 4082 613 4138 iu
634 4077 801 4158 prioribus,
817 4074 1007 4135 manifestum
1028 4095 1063 4136 ex
1085 4095 1132 4151 eo,

78 4175 138 4248 lt‘td
154 4177 298 4264 pleraque
314 4180 418 4244 eadem
440 4179 542 4264 plane,
562 4173 775 4242 sednonnulla
795 4175 953 4255 conomius,
976 4174 1133 4260 complura
