2726 4686
231 337 282 408 tt
614 323 743 406 nscrrs'
757 347 934 402 cerrensis

188 549 189 552 ’
229 543 317 622 fert.
366 541 430 622 Ob
452 567 552 648 quae
576 539 727 620 cunctis
750 529 986 632 decernitur,
1013 561 1060 620 ut
1085 534 1212 623 Ulixei
1232 571 1318 622 cum

228 657 438 752 Diomede,
475 656 638 764 profecti
669 653 721 732 ad
767 658 982 744 Priamum,
1021 660 1207 736 Helenam
1233 689 1318 738 cum

228 777 400 883 abreptis
424 793 719 882 recuperarent,
757 793 875 878 atque
906 777 959 852 ita
984 777 1218 881 Polydorum
1243 780 1318 880 regi

229 892 439 970 traderent
500 894 626 996 Igitur
660 890 721 967 hie
751 893 1014 996 pergentibus,
1042 895 1246 982 Menelaus,
1280 895 1318 970 in

231 1009 344 1086 cuius
375 1008 540 1114 gratiam
571 1005 611 1082 id
647 1008 847 1112 negotium
871 1011 1095 1112 gerebatur,
1127 1011 1318 1113 legationis

230 1124 401 1202 officium
435 1125 519 1202 eius
541 1125 689 1232 pariter
713 1151 804 1202 cum
835 1123 1066 1232 supradictis
1088 1126 1203 1232 capit
1250 1130 1318 1202 lta·

230 1265 311 1346 que
350 1239 534 1320 habentes
567 1240 805 1348 Poly‘dorum
842 1241 892 1318 ad
927 1244 1112 1318 Troianos
1152 1243 1318 1319 veniunt

230 1355 304 1436 Sed
329 1356 401 1434 ubi
425 1357 733 1435 animadvertere
755 1361 981 1465 populares,
1015 1359 1154 1435 electos
1178 1385 1224 1434 ac
1247 1385 1318 1434 ma·

232 1474 300 1578 gni
320 1473 487 1554 nominis
506 1474 606 1552 viros
623 1472 852 1566 adventasse,
880 1499 1045 1580 propere
1065 1501 1169 1550 senes
1186 1499 1319 1562 omnes,

230 1596 403 1696 quorum
429 1591 635 1669 consilium
661 1589 798 1666 haberi
822 1592 979 1669 solitum
1004 1609 1104 1683 erat,
1131 1591 1173 1666 in
1200 1617 1319 1666 unum

230 1705 401 1797 ducunt,
433 1709 586 1784 Priamo
611 1733 635 1784 a
661 1707 751 1786 filiis
777 1705 882 1785 domi
908 1725 1068 1784 retento.
1118 1707 1246 1810 I'gitur
1269 1731 1319 1780 re·

125 1811 129 1822 ’
229 1823 350 1926 liquis
373 1825 648 1928 praesentibus,
672 1825 912 1902 Graecorum
929 1823 1126 1902 Menelaus
1140 1822 1255 1899 rerba
1273 1819 1319 1896 la·

230 1940 304 2017 cit:
340 1941 506 2018 secundo
538 1946 614 2018 iam
639 1967 681 2018 se
715 1941 766 2018 ob
797 1941 1135 2019 eandem'couscm
1166 1923 1319 2014 venime]

233 2058 334 2132 Cum
368 2057 492 2134 multa
526 2057 602 2134 alia
635 2055 837 2136 adversum
872 2083 911 2134 se
946 2055 1183 2160 domumque
1217 2081 1319 2131 suam

231 2171 404 2264 admissa,
433 2193 520 2250 tum
543 2201 683 2279 magno
707 2174 969 2280 cumgemitu
994 2175 1095 2248 filiae
1121 2172 1319 2248 orbitatem

230 2313 302 2396 per
326 2289 540 2368 absentiam
566 2293 740 2397 coniugis
764 2291 973 2397 conqueri:
1002 2315 1097 2394 quae
1123 2305 1257 2364 cunctas
1277 2287 1319 2362 al

186 2459 189 2468 ,
234 2408 356 2482 amico
388 2407 575 2512 quondam
601 2426 639 2486 et
662 2411 808 2510 hospite
834 2433 910 2484 non
932 2405 1134 2486 securzdum
1158 2406 1320 2480 meritum

239 2621 283 2638 ω

297 2743 353 2798 XX.
388 2747 499 2802 eunetis
515 2746 636 2822 decern.)
672 2747 797 2816 Praepos.
816 2765 854 2810 a,
884 2751 967 2798 setes
990 2750 1055 2797 aute
1078 2743 1186 2798 sunnis
1213 2757 1320 2812 expres·

233 2831 309 2880 sam,
340 2815 430 2869 delevi
462 2819 627 2872 auctoritate
655 2819 681 2870 S.
709 2817 781 2870 Gall.
809 2833 861 2869 sec.
889 2815 926 2871 tx
953 2822 982 2868 et
1007 2813 1056 2867 lid.
1080 2815 1167 2867 Princ.
1213 2815 1320 2867 Cunctis

235 2888 321 2938 tertio
340 2903 405 2939 casu
423 2890 498 2957 spud
515 2891 629 2944 verbum
654 2891 792 2960 passivum
816 2888 878 2941 loco
903 2887 975 2939 sesti
998 2901 1061 2938 eum
1083 2901 1208 2956 praepos.
1232 2903 1272 2946 e,
1297 2893 1320 2934 ut

235 2959 394 3024 saepissime
410 2957 484 3028 apud
502 2957 623 3014 Latinus.
644 2961 687 3012 Cf.
707 2961 742 3010 sd
761 2959 810 3011 lib.
826 2959 870 3010 tv.
888 2962 915 3014 6.

304 3027 438 3099 abreptis)
474 3031 552 3082 Bern.
571 3033 700 3103 arreptis.
726 3031 792 3082 Mos
817 3029 866 3084 Ed.
893 3027 965 3080 Cret
991 3026 1190 3095 reciperarent.
1219 3029 1248 3077 et
1275 3041 1319 3078 om

236 3095 295 3161 ita,
315 3097 348 3148 de
368 3113 424 3168 quo
443 3113 466 3148 v.
487 3099 522 3150 sd
541 3104 562 3154 1.
585 3103 625 3156 15.
661 3101 733 3152 lnlra
749 3100 798 3152 Ed.
822 3100 908 3152 Ptine
927 3101 959 3151 in
976 3099 1055 3152 cuius
1074 3097 1178 3166 gratia.

303 3167 355 3240 leg.
374 3167 419 3237 off.
438 3169 509 3240 eius)
546 3170 594 3223 Ed.
618 3167 761 3223 Gratum
780 3170 849 3224 eius.
865 3169 906 3222 Cf.
925 3185 982 3238 esp.
999 3187 1037 3234 ις).
1056 3166 1182 3222 tuborum
1199 3165 1261 3220 eius
1281 3165 1320 3232 [a

235 3236 348 3357 cinarus
361 3255 403 3359 αἱ.
422 3239 522 3360 ¹cluipue
543 3241 604 3294 eius
622 3240 712 3296 vacui.
731 3269 769 3284 --
792 3240 882 3293 Totus
907 3240 984 3296 locus
1004 3239 1257 3313 ltaque-ueniunt
1279 3237 1320 3288 ab

237 3315 313 3360 ests
351 3342 357 3357 .
405 3323 488 3360 a.o
531 3347 536 3359 .

304 3379 336 3430 iss
357 3396 440 3431 unum
458 3327 577 3448 delient)
611 3382 646 3435 irs
664 3398 749 3434 unum
776 3377 930 3436 conducere
959 3379 1032 3432 dixit
1055 3393 1137 3446 supra
1155 3393 1178 3428 e
1201 3393 1218 3428 a
1237 3383 1269 3428 et
1292 3395 1320 3443 sq

234 3455 319 3516 atque
337 3449 375 3500 ita
393 3450 505 3502 Tacitus
522 3452 647 3522 aliique;
676 3459 709 3504 ut
732 3453 849 3506 lorsitan
876 3452 923 3504 hic
949 3467 1062 3524 quoque
1086 3447 1265 3502 scribendum
1294 3450 1316 3498 si

234 3515 405 3572 conducunt.
423 3521 570 3575 Worssrs.
590 3539 617 3590 p.
635 3540 677 3593 ²7·

304 3587 431 3643 Secundo
452 3592 508 3644 iam
522 3595 699 3668 -cvessisse)
733 3593 855 3649 Diversis
872 3593 961 3646 literis
978 3597 1065 3644 totum
1085 3589 1175 3641 locum
1192 3591 1317 3658 expressi

234 3657 406 3727 dstopocus‚
433 3678 491 3731 qno
519 3663 676 3729 indicaret,
702 3665 774 3718 hane
796 3667 881 3718 luisse
907 3663 1028 3715 Menelai
1057 3660 1220 3712 orationem.
1262 3661 1320 3714 me«

234 3729 347 3798 quidem
367 3733 458 3797 gustui
477 3751 533 3786 non
551 3735 656 3788 addicit
673 3737 720 3789 hic
735 3735 835 3806 ἄρτος,
854 3751 936 3806 quem
955 3732 1134 3796 incluseris
1152 3729 1257 3782 doetus.
1282 3731 1317 3780 Di

234 3806 312 3852 caret
327 3801 458 3856 videlicet
477 3804 635 3858 Menelaus:
671 3807 799 3862 Secundo
819 3807 876 3860 iam
894 3801 1008 3868 adsum
1030 3815 1062 3856 stt
1079 3819 1180 3872 magno
1198 3817 1261 3852 cusa
1283 3818 1316 3872 ge

235 3873 306 3924 ssa'sts
328 3873 474 3928 orbitatem
498 3876 581 3947 filice
606 3893 778 3950 conquerar.
816 3879 887 3930 Mira
914 3877 1016 3936 oratio,
1042 3873 1203 3941 pracsertim
1232 3871 1317 3942 inept

234 3943 373 3997 consessio
386 3984 394 4010 ,
409 3962 439 3997 se
457 3963 559 4017 magno
576 3965 637 4004 cum
654 3952 758 4019 gemitu
775 3947 917 4018 conqueri.
954 3943 1116 4012 scripsisset
1133 3943 1215 3992 etism
1235 3939 1319 4012 Septi

235 4015 307 4065 mins
325 4031 375 4067 suo
394 4023 423 4068 et
442 4017 612 4072 sallustiano
630 4035 707 4072 more
725 4033 754 4071 se
773 4019 884 4074 venisse
903 4043 935 4058 -
952 4024 1138 4087 conquestum.
1175 4009 1273 4078 Quare
1293 4015 1320 4064 ln

236 4101 298 4136 eum
316 4086 397 4138 diter
415 4085 547 4157 disposui.
584 4089 674 4140 Verba
700 4107 761 4143 crem
784 4087 872 4144 multu
893 4115 921 4130 ·-
943 4086 1080 4158 conqueri
1104 4099 1161 4134 nou
1187 4083 1320 4136 Menelao

236 4155 267 4205 ia
286 4171 335 4206 sua
355 4159 495 4220 oratioue.
523 4159 572 4214 sed
598 4159 712 4214 taurus
735 4163 872 4228 interpres
897 4159 981 4221 dicit,
1008 4155 1127 4208 Menelai
1157 4156 1318 4208 orationem

237 4239 320 4297 quam
339 4233 422 4280 tutam
441 4237 548 4284 vertere
566 4231 678 4297 noluit,
697 4229 882 4288 miserandum
902 4229 932 4282 in
950 4227 1061 4282 modum
1083 4223 1260 4280 :enumera
