2726 4686
278 327 332 398 32
669 346 790 397 ntcrre
816 344 997 399 cucumere

281 559 436 634 rorum,
470 560 634 646 porcum
657 562 805 616 marem
828 537 872 618 in
896 538 1027 618 lorum
1052 537 1219 618 medium
1242 543 1309 618 alle

282 652 410 750 iubet;
435 679 554 758 quem
578 653 622 729 in
647 650 742 730 duas
760 673 887 760 partes
906 675 1097 738 exsectum
1116 657 1249 733 orienti
1274 687 1309 734 oc

282 767 471 874 dentique
505 765 663 864 dividit3
696 787 814 873 atque
846 771 899 851 ite
925 771 1095 876 singulos
1128 771 1309 878 nudatisg

279 883 354 965 diis
377 911 447 992 per
464 883 636 960 medium
661 885 822 962 transire
840 885 959 964 iubet.
1007 886 1110 962 Dein
1128 890 1309 965 mucronil

278 1001 466 1105 sanguine
489 1001 572 1078 eius
596 1001 744 1093 oblitis,
769 1001 955 1079 adhibitis
977 1003 1095 1081 etiam
1118 1005 1201 1080 aliis
1223 1005 1269 1080 ad
1285 1032 1309 1080 et

277 1145 362 1226 rem
395 1117 628 1208 necessariis,
666 1121 882 1196 inimicitias
916 1119 993 1196 cibi
1022 1145 1104 1196 eum
1128 1121 1309 1230 Priamo]

277 1233 507 1339 religionem
531 1235 781 1314 confirmante
813 1261 932 1342 neque
951 1242 1062 1339 prius
1083 1261 1126 1314 sc
1153 1236 1309 1316 bellum«

278 1366 461 1438 ser-turos,
486 1377 599 1454 quam
618 1351 730 1426 Ilium
749 1369 861 1458 atque
882 1377 988 1427 omne
1007 1377 1164 1454 regnum
1183 1361 1309 1432 ernust

279 1464 400 1564 Queia
433 1465 614 1572 perfectis
644 1492 743 1572 pure
777 1467 896 1554 lauti,
937 1471 1104 1545 Martem
1135 1488 1249 1573 atque
1273 1475 1309 1548 c«

276 1579 449 1659 cordiam
473 1582 606 1659 multis
629 1582 961 1660 immolationibus
983 1585 1056 1658 eibi
1077 1583 1309 1690 adhospitave

330 1761 333 1772 .
372 1700 476 1776 XVI.
526 1699 629 1775 Dein
653 1698 698 1776 in
724 1699 868 1805 templo
885 1701 1053 1778 Junonis
1071 1703 1229 1806 Argivae
1253 1731 1309 1782 rec

272 1833 356 1894 rem
381 1815 558 1893 omnium
591 1812 779 1892 declarari
805 1816 963 1920 placuit
1013 1817 1139 1920 Igitur
1162 1818 1304 1922 singuli

273 1929 435 2023 tabellis,
453 1930 617 2036 queaad¹
628 1929 877 2035 deligendum
898 1931 991 2008 belli
1011 1933 1238 2038 principem,
1256 1963 1309 2038 qu

273 2045 420 2152 cuique
442 2045 658 2144 videretur,
682 2063 927 2155 acceperant,
949 2048 1106 2125 Punicis
1124 2051 1262 2127 litteris
1281 2057 1309 2126 A

270 2161 487 2242 memnonis
503 2190 644 2243 nomen
659 2161 869 2269 designant.
919 2167 978 2240 Ita
994 2191 1179 2242 concensu
1197 2167 1309 2241 omni

269 2278 441 2358 secundo
466 2305 622 2358 rumore
646 2307 837 2358 summam
853 2279 948 2357 belli
971 2266 1089 2385 atque
1111 2281 1302 2358 exercitus

269 2421 309 2476 ee
331 2395 507 2504 suscipit:
529 2395 644 2504 ¹quod
668 2399 706 2478 ei
731 2414 771 2476 et
795 2415 955 2508 propter
978 2423 1225 2504 germanum,
1258 2423 1309 2476 cu

271 2595 562 2620 m

268 2747 426 2863 ...tlt
441 2735 1309 2882 leel-tlte.lltt'¹.:;t.tt⁸ss.l;n⁸.l.l:;ttill:

267 2880 315 2934 tv.
334 2897 358 2949 7.
381 2893 466 2953 etque
491 2881 534 2936 ita
560 2878 710 2954 confidere
732 2881 852 2936 uentos.
878 2878 911 2931 V.
943 2881 983 2936 ιδ.
1011 2891 1095 2953 atque
1119 2880 1162 2931 ita
1187 2877 1309 2947 Neoptol

267 2949 356 3008 Andr.
376 2979 406 2992 -·
426 2951 570 3004 obvenere.

340 3021 423 3089 Qnetr
443 3021 586 3093 perfectis)
622 3020 697 3074 ldem
721 3018 772 3072 llb.
797 3017 834 3074 ll.
861 3021 904 3076 33.
932 3033 967 3072 ex
990 3035 1125 3073 contentu
1151 3017 1203 3070 Ed.
1228 3016 1309 3068 More

268 3090 335 3144 obt.
371 3093 439 3144 Trea
462 3093 516 3144 mel
544 3089 621 3142 MSS.
648 3099 677 3142 et
702 3089 750 3142 Ed.
778 3089 862 3144 l’rinc.
890 3092 962 3166 quir.
998 3091 1115 3144 Centum
1140 3089 1210 3142 locis
1228 3087 1309 3140 llere

267 3159 360 3216 eeielt
376 3163 474 3234 quere,
498 3161 643 3229 permultis
664 3157 834 3224 Obrechtue,
860 3165 976 3232 uterque
996 3177 1030 3214 ex
1049 3160 1128 3214 libris
1154 3159 1232 3220 anie,
1261 3157 1309 3226 opi

267 3231 348 3302 Quae
360 3231 476 3300 antiqua
493 3231 579 3284 forma
593 3244 722 3301 perturpe
736 3229 837 3297 legitur
856 3231 885 3282 in
900 3233 993 3298 Bern.;
1010 3233 1039 3284 in
1056 3231 1083 3282 S.
1103 3231 1174 3284 Gall.
1193 3246 1263 3299 opp.
1277 3237 1309 3280 et

266 3303 354 3356 Prine.
382 3299 490 3354 duoboe
510 3308 616 3354 tentum
636 3301 680 3354 vel
711 3298 800 3353 tribur
820 3291 905 3366 licie,
928 3311 1012 3374 atque
1033 3297 1063 3355 ln
1080 3303 1164 3370 longe
1183 3308 1309 3370 praestat

267 3375 338 3425 eluro
356 3371 414 3425 MS.
436 3371 462 3421 S.
481 3372 554 3427 Gall.
571 3387 624 3426 rec.
646 3371 690 3422 lx.
715 3386 770 3424 ouo
788 3379 895 3424 uotum
909 3373 970 3425 loeo
987 3369 1036 3425 lib.
1058 3374 1104 3424 lll.
1120 3390 1158 3425 ιο.
1197 3371 1281 3424 Aliae
1302 3389 1309 3422 t

307 3461 323 3496 e
351 3443 378 3496 S.
402 3441 473 3494 Gall.
498 3452 528 3497 et
554 3441 602 3496 Ed.
629 3443 715 3495 Ptine.
738 3457 845 3511 temper
872 3445 954 3516 quie,
981 3443 1137 3496 ferentibue
1159 3441 1269 3514 purim
1298 3439 1309 3492 l

296 3511 461 3583 edendorpii
479 3521 508 3567 et
526 3511 593 3565 Cod.
612 3511 728 3566 Heinell.
765 3514 890 3566 Attamen
917 3511 1031 3566 sormam
1056 3517 1155 3588 queit,
1180 3512 1309 3580 aeriptor

264 3581 406 3638 Bletoriee
423 3587 578 3654 Anguem,
595 3598 647 3637 nec
663 3601 720 3637 uon
735 3582 846 3649 Gellio,
865 3584 1017 3648 Suetonio,
1036 3585 1181 3637 Ammiano
1201 3579 1309 3634 Marcel

214 3661 219 3672 '
264 3655 385 3724 aliisque
402 3657 502 3723 partlm
519 3655 668 3718 usitatam,
695 3653 820 3725 Sulpicio
837 3664 930 3708 autem
956 3655 1057 3711 Severo
1075 3663 1105 3708 et
1121 3653 1291 3722 liegeelppo

264 3733 377 3791 matam,
400 3727 457 3780 ttlt·
475 3725 543 3787 lecit
561 3723 747 3796 recipiendam
762 3725 866 3794 putavi.
883 3725 985 3795 quibu·
1002 3724 1046 3778 vel
1064 3727 1207 3780 Mercerua
1228 3731 1260 3774 et
1284 3721 1309 3774 O

265 3795 362 3858 chtut,
384 3795 429 3849 vel
457 3796 518 3850 etim
544 3798 632 3852 altero
659 3795 794 3849 librorum
820 3795 923 3868 aliquia
950 3813 1072 3852 meorum
1101 3795 1305 3849 consentiunt.

264 3869 363 3922 eeterie
381 3875 490 3921 eecotue
509 3886 566 3922 turn
586 3867 661 3920 MSS.
681 3865 882 3919 auctoritatem.
919 3865 967 3920 Ed.
986 3867 1059 3921 erae
1073 3866 1248 3940 plerumque
1261 3883 1309 3938 qui

336 3939 419 4010 latete)
454 3937 503 3992 Ed.
523 3937 607 3992 Ptine.
625 3939 686 3993 loti.
709 3936 749 3990 Cf.
766 3935 804 3990 acl
824 3937 874 3991 lll.
893 3939 936 3991 ²5.

303 4007 375 4061 xvl.
400 4012 432 4064 iu
448 4009 560 4082 templo)
595 4010 621 4063 S.
640 4007 714 4064 Gall.
732 4023 795 4078 opp.
815 4009 951 4081 rempham.
978 4008 1053 4065 luite
1068 4006 1118 4064 Ed·
1136 4007 1238 4062 Ptine.
1262 4008 1309 4076 ela]

265 4075 331 4136 elem
350 4077 418 4133 ede.
440 4097 541 4142 nonen
558 4079 780 4148 Agamemnonis.

263 4231 282 4272 ο
335 4151 479 4237 remmam)
513 4150 542 4212 S.
561 4150 632 4207 Gall.
650 4167 716 4222 opp.
733 4165 873 4211 summum.
889 4147 956 4202 Mox
973 4147 1023 4203 tc.
1045 4148 1118 4204 Crat.
1136 4163 1193 4202 em.
1211 4159 1256 4212 ee,
1276 4147 1309 4200 Di

282 4235 318 4275 Du
336 4237 373 4277 C!-
