2726 4686
294 282 343 356 te
429 347 432 356 .
671 303 788 354 oreris
811 303 988 352 camenus

291 495 444 587 Nestor,
467 493 621 594 longam
645 515 798 570 morsus
820 493 1041 578 orationem,
1066 489 1115 566 ad
1139 509 1303 596 postremi

204 629 209 636 ·
295 608 550 714 persuadendi
575 633 721 710 genere,
747 608 790 686 in
814 635 893 712 qno
919 626 1069 713 practer
1095 625 1231 686 ceteros
1253 610 1303 692 Gr

295 727 377 801 ciac
409 725 510 802 viros
542 723 736 806 iucundus
769 745 947 830 acceptus
977 742 1079 814 erat,
1122 751 1145 804 a
1177 749 1303 830 propot

290 838 478 916 cohibuit.
695 911 698 918 ,
1039 857 1042 862 ·

390 956 493 1032 XXI.
544 953 705 1032 Interim
728 955 916 1060 virginem
948 955 1074 1032 Ulixes
1104 970 1142 1031 et
1175 953 1303 1032 Meneh

289 1096 382 1147 cum
406 1067 631 1165 Calchante,
660 1071 803 1174 quihus
827 1069 868 1148 id
891 1070 1089 1174 negotium
1112 1067 1243 1146 datum
1267 1094 1303 1143 er

289 1183 444 1264 semotis
459 1186 593 1290 procul
609 1188 797 1277 omuibus,
813 1185 996 1264 sacrificio
1012 1184 1218 1262 adornant:
1244 1211 1303 1285 qui

287 1325 374 1378 ecce
406 1299 485 1378 dies
519 1301 664 1380 loedari
696 1321 735 1380 et
768 1304 920 1382 coelum
952 1304 1087 1382 nubilo
1122 1301 1195 1405 tegi
1221 1328 1303 1406 coep

288 1417 380 1494 dein
413 1437 569 1522 repente
600 1418 793 1507 tonitrua,
826 1445 980 1498 corusca
1001 1419 1176 1510 fulmina,
1199 1436 1238 1496 et
1262 1445 1303 1522 pt

218 1619 226 1634 ,
288 1551 389 1612 terea
416 1552 539 1611 terrae
562 1538 754 1640 marisque
779 1536 912 1638 ingens
935 1553 1076 1614 mutuat
1099 1553 1214 1638 atque
1236 1535 1287 1608 ad

286 1667 470 1728 strumum
494 1651 718 1754 confusione
741 1652 837 1730 aeris
851 1671 1027 1757 ereptum
1044 1653 1187 1728 lumen.
1235 1651 1303 1724 Ner

288 1765 413 1868 multo
446 1786 531 1872 post
566 1767 751 1846 imbrium
785 1787 903 1872 atque
932 1767 1129 1871 grandinis
1153 1766 1206 1842 vis
1232 1791 1303 1868 mag

354 2050 543 2126 persuadendi
560 2053 670 2123 genere)
704 2053 776 2106 esst.
793 2054 825 2105 iss
840 2051 975 2106 suadendi
991 2065 1053 2119 gers.

308 2139 314 2158 t
355 2123 490 2195 cohibuit)
526 2125 601 2176 Libri
628 2124 681 2175 mei
707 2134 736 2176 ct
757 2124 838 2174 Mero
860 2123 1008 2193 prolubuit.
1045 2122 1144 2175 Natum
1162 2121 1234 2174 istud
1251 2139 1303 2191 pru

285 2193 368 2248 detur
394 2210 427 2246 es
449 2193 631 2264 praecedente
655 2195 805 2266 proposito.
830 2208 913 2264 quare
936 2190 987 2245 Ed.
1013 2191 1077 2244 Obr.
1104 2198 1262 2264 ceterasque
1290 2209 1303 2241 s

284 2274 330 2320 tus
348 2281 415 2316 snm.

320 2335 389 2388 xxi.
416 2351 532 2390 corusco
541 2334 680 2405 fulmina)
715 2333 852 2402 Distingui
870 2347 996 2397 cumea,
1006 2332 1136 2405 fulmina
1152 2331 1231 2386 iubet
1245 2331 1303 2385 cxl

283 2408 341 2460 suis
361 2406 514 2467 Musecros,
540 2421 621 2475 quem
639 2403 765 2486 scqiritnr
783 2405 860 2456 huna
878 2403 1006 2456 Decetia:
1035 2409 1212 2524 suffrapantur
1229 2401 1297 2456 libri

284 2478 336 2529 stri
355 2484 383 2528 et
402 2475 449 2528 ltu.
465 2474 546 2543 Obr.;
565 2474 638 2526 iavet
654 2483 737 2525 etiam
750 2472 912 2526 scholiastae
925 2471 1027 2526 fabrica
1045 2473 1107 2526 inE
1128 2475 1219 2538 .Crst.
1238 2491 1303 2528 coru

283 2548 385 2608 tiones,
393 2546 529 2618 fulmina.
564 2549 690 2598 Attamen
703 2544 868 2598 Substantia.
883 2559 1031 2614 cssaposse
1045 2561 1161 2599 corusca
1171 2545 1200 2614 (a
1214 2562 1303 2598 corus<

281 2633 334 2688 pro
351 2617 533 2686 fulguribus),
551 2615 674 2670 doctrina
690 2614 824 2676 Mentori,
847 2613 940 2666 lunae
964 2621 993 2666 et
1009 2616 1139 2686 Artopoei
1157 2615 1198 2681 (in
1213 2615 1273 2668 lnd.
1293 2631 1303 2666 e

280 2687 351 2742 mihi
371 2687 493 2742 noudum
510 2685 659 2758 persuasit,
677 2701 738 2735 curn
756 2684 914 2755 praesertim
933 2683 1007 2755 apud
1026 2701 1120 2737 omues
1139 2685 1251 2740 Latinos
1271 2695 1303 2735 ot

281 2758 374 2828 liquos
386 2766 421 2812 et
438 2760 600 2813 recentiores
617 2757 694 2810 illam
711 2771 804 2808 vocem
829 2770 936 2824 semper
954 2763 985 2808 ut
1004 2755 1169 2808 adiectlvum
1186 2757 1298 2810 nomini

281 2829 402 2882 iunctam
429 2830 589 2882 invenerim.
625 2827 661 2880 Ut
678 2827 803 2878 omittam
819 2825 931 2895 phrases
959 2827 999 2879 uis
1024 2843 1138 2881 corusca
1147 2827 1303 2898 firminis,

280 2915 379 2954 ruscos
389 2899 532 2969 flammas,
549 2897 706 2968 lampades,
715 2897 809 2970 fasces,
826 2904 936 2950 corusci
953 2899 1041 2966 ignes,
1060 2904 1123 2949 cet:
1144 2899 1263 2950 nsitstae
1279 2913 1303 2966 pi

280 2976 348 3022 sunt
368 2959 499 3021 formulae
526 2987 668 3024 coruscum
676 2970 800 3038 fulmen,
818 2967 1084 3090 coruscupsulmiua‚
1108 2974 1140 3019 ut
1164 2967 1295 3036 pluribus

279 3039 340 3091 cuit
356 3036 496 3090 Renlleius
514 3039 549 3090 ad
569 3043 661 3093 Horat.
680 3037 731 3090 ou.
751 3039 794 3091 tv.
812 3036 835 3106 4.
853 3037 893 3104 44.
949 3037 1067 3090 oeticruu
1081 3045 1172 3090 sutem
1190 3037 1303 3090 coloreo

278 3115 339 3162 tum
354 3108 446 3160 locum
459 3108 569 3171 habers,
593 3125 674 3164 nemo
685 3116 735 3172 cst,
751 3109 818 3188 quin
834 3108 934 3160 vileat.
971 3105 1053 3176 Quod
1068 3109 1119 3160 viri
1135 3109 1208 3162 docti
1219 3107 1303 3160 assim

280 3185 375 3232 nostro
394 3179 446 3230 tria
463 3179 521 3242 itta,
540 3171 673 3246 βροντὴν,
691 3175 841 3246 «inienuus
859 3184 887 3230 et
909 3177 1060 3248 κεραυνόν,
1078 3177 1163 3232 luisse
1181 3193 1303 3230 memora

279 3249 362 3301 futile
381 3257 422 3300 ost
437 3259 641 3318 argumentum,
660 3265 719 3298 oum
738 3249 825 3300 sexies
843 3247 967 3301 tonitrus
984 3247 1064 3302 modo
1086 3255 1115 3302 et
1132 3249 1271 3313 fulmina,
1289 3265 1303 3298 o

281 3319 319 3373 tls
339 3319 503 3386 fulguribus.
519 3337 534 3371 a
552 3318 691 3372 veteribus
709 3317 900 3372 exhibeantur.

349 3403 377 3444 st
391 3389 550 3458 praeter-sa)
585 3391 663 3442 bern.
681 3403 706 3443 ct
723 3407 774 3460 pes·
793 3407 860 3444 euos.
888 3389 914 3443 S.
932 3387 1003 3442 Gall.
1020 3399 1147 3461 uterque,
1164 3387 1214 3442 ad.
1234 3387 1303 3440 Prin

278 3459 347 3513 0br.
366 3473 394 3513 et
407 3477 458 3531 per
474 3477 514 3514 eo.
551 3458 684 3514 Penderct
702 3462 786 3525 igitur
803 3469 890 3512 torrae
910 3471 1033 3515 motura
1059 3461 1163 3514 tonitru
1179 3467 1209 3510 ct
1233 3457 1303 3510 sulm

279 3538 363 3601 atquc
379 3532 530 3600 respexisse
548 3539 670 3585 nostrum
687 3538 819 3584 statueres
843 3531 1021 3600 virgilianum
1038 3531 1147 3602 (Georg.
1165 3533 1186 3582 1.
1199 3531 1296 3600 328.):

279 3604 398 3656 maximo
415 3615 489 3655 motu
505 3615 583 3655 tems
597 3605 697 3664 tremit,
718 3603 736 3654 i.
752 3619 775 3654 e.
795 3609 823 3652 et
841 3617 889 3671 pcr
907 3619 968 3654 eum
986 3603 1116 3672 impetum
1135 3599 1265 3656 fulminis
1285 3616 1300 3650 c

279 3673 363 3725 nitro.
399 3672 469 3723 'l'um
486 3687 549 3724 vero
561 3671 642 3724 sorba
661 3686 738 3726 terra
754 3674 849 3726 tremit
863 3689 1004 3743 perperam
1023 3672 1188 3742 explicuisse
1204 3669 1303 3740 Scptiu

278 3741 467 3812 accipiendam
485 3743 573 3794 lereti
591 3759 647 3794 non
664 3744 736 3796 enim
755 3744 925 3811 significant,
942 3751 1030 3798 terrae
1045 3751 1147 3798 motum
1161 3749 1292 3794 exortum

278 3811 328 3866 sed
352 3812 477 3865 homiues
501 3822 589 3867 terrac
615 3815 811 3867 tremuisse-et
833 3816 949 3882 pavisse.
994 3813 1070 3882 Quid
1094 3809 1200 3866 mults?
1230 3811 1303 3878 scrip

277 3883 405 3954 primitus
425 3883 477 3934 tuit
494 3893 569 3956 ptter
586 3902 639 3947 sc,
665 3883 741 3955 qnod
758 3883 933 3937 librariorum
951 3887 1067 3938 facilitas
1086 3885 1160 3953 cepit
1179 3899 1230 3950 pro
1248 3899 1303 3950 per

278 3969 340 4007 cnm
365 3953 451 4008 tuerit
463 3967 627 4024 prosterno,
652 3953 727 4023 qssod
745 3961 817 4005 recto
835 3955 997 4022 exprimitur
1015 3957 1044 4008 in
1062 3953 1111 4008 Ed.
1131 3951 1202 4004 csse
1226 3959 1258 4004 et
1280 3951 1303 4010 Μ

279 4032 309 4078 el
326 4039 396 4095 quac
414 4025 504 4077 cabis
523 4041 636 4077 excusae
652 4033 723 4077 suot.
760 4023 972 4093 Distinguuntur
987 4028 1108 4080 tonitrua
1126 4040 1187 4076 eum
1208 4021 1303 4088 fulgur

279 4112 296 4144 a
312 4103 400 4149 terrae
418 4101 511 4154 motu,
536 4111 651 4164 quorum
669 4094 819 4146 alterumn
840 4095 977 4150 veteribus
997 4095 1087 4162 (llum
1106 4094 1136 4146 ll.
1158 4093 1215 4148 xx.
1237 4093 1276 4150 56
1298 4110 1303 4146 t

278 4165 347 4231 loti,
363 4167 479 4220 alterum
498 4165 627 4236 Neptuno
647 4163 828 4220 tribuebatur.
869 4203 875 4216 ,
