2762 4684
238 325 312 404 496
530 349 802 406 worsasnnuarrouns
826 351 865 404 us
887 351 954 404 ns.
978 351 1025 404 rr.

239 555 274 608 ος
295 537 353 618 (sic
373 537 442 621 aig.
460 547 491 602 et
511 538 624 618 nnn..
648 551 724 602 teste
744 538 926 602 Aldrichios
946 541 1037 626 vulp
1053 539 1202 624 Balteus.)
1225 559 1315 604 ποτε·

237 628 298 713 pede
320 631 481 720 παροᾷῥεῑ
500 636 695 700 παντάπασιν
716 634 837 718 ὀλίγος,
862 640 938 722 παρ’
957 627 982 726 ᾧ
1001 634 1035 702 sd
1052 641 1225 718 Μέμνονος
1244 663 1317 722 μη-

237 727 329 810 μεῖόν
349 733 444 796 ἐστιν.
495 735 638 818 Stephon.
667 737 738 820 Byz.
774 759 803 802 v.
819 727 911 819 Ἄκη.
929 749 1017 800 vocat
1036 734 1161 819 Βήλον,
1182 749 1219 799 ut
1241 738 1317 804 Plio.

237 829 276 895 V.
302 853 347 914 ¹9·
366 843 396 894 et
413 833 508 894 Tacit.
531 835 607 898 Hist.
629 835 669 895 V.
700 859 730 920 7.
751 836 882 915 Belum3
904 835 1050 919 illumque
1070 858 1192 898 amnem
1214 837 1316 898 ludai-

236 951 273 992 co
294 934 368 992 mari
388 931 482 994 inlabi
502 945 630 996 testatur
650 937 784 1002 Tacitus.
823 936 870 998 Ex
890 935 937 997 his
957 935 1099 1014 efficitur,
1119 937 1200 998 bene
1219 937 1315 1019 Span-

236 1028 370 1092 hernium
403 1043 433 1094 et
464 1031 658 1102 Aldrichium
695 1034 734 1096 ad
761 1033 876 1116 loseph.
907 1035 1099 1098 scribendum
1124 1034 1196 1097 loco
1212 1035 1314 1104 ,Str-ah.

235 1129 415 1192 existimasse
436 1125 522 1212 παρὰ
542 1124 649 1212 Βήλον
667 1129 826 1210 uorandi:
850 1134 944 1216 possit
963 1142 994 1195 et
1013 1131 1164 1214 Brilessos.
1207 1135 1315 1217 Regio-

97 1303 101 1314 1
233 1250 320 1306 nem,
342 1241 404 1312 qna
431 1231 577 1291 Memnon
606 1230 682 1292 iacet
703 1231 850 1313 sepultus,
881 1231 1050 1294 Simonides
1070 1243 1159 1294 vocat
1181 1233 1314 1312 Parnm,

235 1329 381 1411 Iosephus
403 1329 632 1404 Ptolemaidem,
655 1331 761 1413 Dictys
772 1331 955 1392 Pallioclzin.
997 1331 1137 1394 Eandem
1159 1333 1312 1416 regionem

233 1429 402 1492 eundemne
422 1427 521 1490 locum
540 1429 588 1492 his
603 1431 782 1501 ,nominibus
811 1432 993 1514 significari,
1022 1443 1111 1514 atque
1129 1431 1310 1517 losephmn,

231 1531 358 1614 Dictyn,
379 1531 668 1612 itemque'szetzen,
690 1553 725 1592 as
748 1531 853 1593 eodem
873 1531 954 1594 sonte
974 1532 1127 1605 hausisse,
1149 1535 1204 1594 vix
1224 1533 1310 1593 dubi-

231 1640 315 1692 tem:
337 1630 389 1694 sed
417 1629 587 1714 corrigendi
607 1630 775 1713 periculum
802 1631 908 1694 subeat
930 1629 1016 1700 alius.
1034 1630 1190 1693 Aldrichii
1212 1633 1251 1694 ad
1270 1631 1310 1692 lo·

230 1730 317 1812 seph.
338 1729 483 1806 audacia,
504 1719 559 1812 pro'
581 1724 710 1792 Πάλτον
731 1731 891 1796 Simonidis
912 1731 1107 1794 coniectantis
1128 1727 1306 1810 Πτολεμοῖ·

233 1825 300 1907 do,
322 1831 352 1888 in
375 1830 519 1910 Septimio
539 1828 580 1891 ob
609 1831 837 1910 antiquitatem,
860 1851 952 1914 quam
971 1831 1077 1912 Dictys
1099 1830 1246 1910 allectat,
1265 1829 1308 1892 lo·

230 1949 300 1992 euro
335 1929 447 1990 habers
472 1932 596 1990 minime
625 1941 734 2012 potest,
766 1963 806 1978 -
834 1930 899 1991 Sita
928 1931 1020 2013 igitur
1047 1931 1222 1992 Memnonis
1249 1951 1306 1992 ossa

228 2040 303 2092 sunt
321 2052 382 2091 nou
402 2030 508 2112 pmcnl
530 2050 549 2090 a
577 2028 766 2092 Ptolomaide
786 2027 826 2092 ad
849 2030 991 2092 Balneum
1012 2053 1064 2092 seu
1086 2030 1216 2111 Belum,
1246 2053 1304 2092 am-

229 2151 300 2192 nem
319 2131 424 2214 Syriae
445 2130 483 2213 (i.
506 2152 533 2193 e.
553 2130 746 2208 Phoeniciae,
765 2130 870 2214 Syriae
889 2133 1013 2213 pertis),
1034 2133 1088 2214 qui
1108 2134 1192 2194 mari
1215 2133 1305 2194 ludai-

229 2250 266 2292 co
286 2231 442 2298 inlabitur.
483 2233 547 2293 lam
567 2249 642 2292 vero
660 2230 715 2296 lib.
739 2229 792 2296 IV.
812 2229 842 2297 8.
866 2232 960 2294 relect
979 2231 1151 2314 Septimius,
1174 2233 1305 2292 lllemno·

229 2333 278 2394 nis
297 2353 362 2394 ossa
380 2351 438 2413 per·
459 2331 645 2394 necessarios
659 2333 721 2392 eriis
740 2330 858 2414 sepulta
874 2353 954 2394 essee
977 2335 1029 2414 qui
1050 2332 1182 2412 luerint,
1205 2343 1302 2394 nostro

228 2431 295 2496 loco
329 2415 436 2512 docet,
467 2453 574 2515 nempe
605 2431 755 2513 Hemesa,
787 2453 876 2494 soror
909 2433 1096 2510 Memnonis,
1128 2455 1202 2496 cum
1225 2435 1302 2494 soriis

228 2536 346 2616 opinor.
403 2532 519 2595 Eodem
539 2531 590 2597 lib.
614 2532 669 2595 1v.
691 2529 759 2594 loeo
778 2553 846 2594 ossa
865 2535 899 2594 in
916 2535 1058 2617 patrium
1072 2534 1169 2596 solum
1186 2535 1302 2594 remissa
1363 2605 1364 2610 .

229 2635 387 2720 feruntur:
420 2634 471 2694 hic
502 2637 535 2694 in
566 2631 731 2694 Phoenicia
760 2631 956 2714 sepeliuntur.
1004 2633 1119 2694 Eadem
1147 2631 1302 2694 difficultas
1363 2629 1364 2700 l

230 2747 276 2798 est
295 2737 326 2796 in
350 2735 416 2796 loco
446 2735 592 2810 Tzetzae,
623 2753 714 2815 quem
735 2753 828 2814 supra
847 2732 1002 2814 adscripsi.
1043 2733 1129 2814 Syria
1152 2735 1236 2792 enim
1260 2729 1301 2792 rel

228 2834 396 2896 Phoenicia
427 2855 488 2896 non
520 2833 577 2894 fuit
604 2833 777 2894 Memnonis
797 2833 918 2916 patria3
938 2843 1019 2893 certe
1050 2853 1139 2894 nemo
1163 2833 1222 2893 hoc
1245 2844 1301 2892 tra-

228 2933 315 2996 didit.
368 2933 554 3016 Aethiopum
569 2953 681 3022 'regem
708 2931 761 2994 alii
793 2941 924 3007 vocant,
946 2929 1069 2994 Malaios
1090 2941 1120 2993 et
1148 2932 1299 2992 Cadmus
1362 2969 1363 2976 .

225 3034 315 3110 (forte
343 3034 452 3116 Dictys
480 3033 652 3115 praeeunte)
685 3030 841 3097 Indorum.
870 3029 940 3094 Vid.
972 3029 1011 3092 ad
1044 3030 1098 3092 lib.
1132 3031 1186 3093 lv.
1230 3031 1299 3092 Susa

186 3159 191 3170 ·
231 3133 321 3194 fuisse
343 3135 513 3195 Memnonis
533 3131 681 3215 patriam,
703 3127 778 3190 dicit
797 3139 918 3212 praeter
938 3126 1013 3190 alios
1031 3136 1072 3208 (v.
1092 3129 1143 3192 ad.
1164 3129 1221 3192 lib.
1241 3129 1298 3204 ils-l

226 3227 371 3293 Aelianus
401 3231 472 3295 Nat.
499 3229 604 3289 Anim.
633 3227 672 3290 V.
707 3249 734 3289 s.
763 3229 818 3290 ubi
838 3229 963 3306 scribit,
983 3231 1155 3290 Memnonis
1174 3227 1299 3289 cadaver

225 3327 260 3401 ἐς
278 3322 317 3389 sd
341 3325 446 3388 Σοῦοο
467 3321 653 3403 Μεμνόνεια
674 3319 737 3386 sind
769 3327 825 3408 τῆς
843 3321 958 3408 μητρὸς
977 3329 1167 3404 κομισθέντα
1184 3327 1298 3404 μετέω-

227 3445 282 3506 ρον
302 3423 336 3486 ἐκ
356 3423 417 3486 τῶν
439 3417 554 3506 φόνων,
577 3429 687 3502 τυχεῖν
707 3419 882 3504 andariscus
900 3423 956 3503 τῆς
976 3419 1187 3506 προςηκοόσης
1205 3422 1297 3507 αὐτῷ.

226 3525 320 3587 Forte
340 3525 442 3586 verbis
457 3524 595 3606 patriam
608 3522 706 3584 solum
738 3522 881 3585 intellexit
899 3526 964 3586 sive
983 3523 1146 3607 Septimius
1164 3525 1227 3584 sire
1248 3523 1295 3582 Di-

225 3637 290 3709 ctys
320 3646 382 3686 non
409 3623 515 3686 urbem
547 3623 698 3703 patriam,
733 3622 786 3684 sed
806 3623 970 3686 universim
994 3631 1114 3684 vastum
1133 3621 1295 3684 Memnonis

226 3745 372 3807 regnum,
393 3723 514 3806 dequo
535 3719 601 3806 lege
620 3742 699 3803 quae
720 3721 822 3784 attulit
839 3721 944 3784 Fuohs
965 3720 1090 3801 Quaest.
1112 3742 1143 3803 p.
1168 3719 1237 3784 126.

311 3823 415 3904 opinio
450 3834 559 3884 exorta
591 3821 715 3903 triplex)
764 3819 915 3882 Henricus
945 3843 971 3884 o.
1000 3840 1050 3904 9²·
1079 3820 1131 3886 sol.
1165 3841 1232 3904 ¹7²·
1257 3817 1292 3877 ita
1360 3811 1361 3840 ³

224 3932 346 3983 narrat:
365 3919 417 3980 Ad
437 3920 626 3996 Memnonis,
648 3919 760 3979 Troiae
779 3917 916 4002 sepulti,
937 3918 1088 3980 tumulum
1108 3922 1191 3980 venit
1211 3935 1291 3978 sorus

224 4023 311 4094 eius,
348 4029 539 4100 sumtumque
563 4021 696 4080 cinerem
719 4037 832 4082 aureae
851 4037 939 4081 arcae
959 4015 1090 4084 inclusit.
1133 4019 1203 4095 Quo
1222 4017 1292 4077 lacto
1359 4077 1360 4082 ,

224 4138 259 4178 es
283 4119 435 4178 hominum
467 4127 627 4198 conspectu
658 4119 800 4202 evanuit,
831 4131 866 4182 ut
897 4137 1047 4202 nusquam
1078 4115 1289 4200 comparuerit:

225 4215 305 4276 unde
326 4215 466 4296 dictum,
487 4224 556 4278 eam
578 4235 641 4278 esse
655 4215 762 4283 Deam.
