2602 4680
307 373 369 456 tx⁸
726 425 728 435 7
764 369 939 420 rentzunu

304 559 373 621 bem
405 563 522 622 venisse
550 559 660 621 dicitur
690 581 756 640 cap.
785 560 830 626 13.
862 559 999 619 Telesino
1022 559 1184 627 Concreto,
1215 579 1226 638 9

302 660 432 722 Neronis
454 663 577 721 incunte
597 657 786 719 consulatum
810 679 915 720 revera
937 659 1037 739 gessit.

383 759 442 823 Vl.
485 757 535 817 Sic
567 767 671 840 patere
702 759 761 817 iam
791 767 885 838 puto,
922 755 1056 815 eundem
1091 755 1199 818 l'uissc

302 880 393 942 quern
412 868 514 918 noster
534 857 698 938 Septimius
719 859 749 916 in
769 855 916 917 Latinum
939 858 1030 916 vertit
1049 873 1226 916 sermonen

301 961 410 1021 Graeci
424 956 608 1022 habuerunt.
652 957 781 1018 Accedit
795 957 843 1018 his
859 977 944 1027 vero,
968 956 1067 1038 qnod,
1090 956 1192 1014 sicuti
1213 975 1226 1014 n

301 1061 405 1121 culum
437 1057 496 1118 huc
523 1059 650 1142 Dictyos
672 1071 760 1121 vocat
788 1057 998 1143 Eploemerr'da
1027 1057 1109 1116 belli
1130 1057 1165 1115 Τ
1160 1058 1226 1116 νοιί

302 1159 411 1226 Suidas
431 1179 519 1220 suum
541 1159 653 1240 Dictyn
674 1158 827 1240 scripsisse
847 1155 928 1218 dicat
945 1150 1152 1236 Ἐφημεριθα
1178 1155 1226 1234 Τρ

301 1253 442 1336 κόσμου,
472 1257 504 1316 lr.
528 1279 557 1324 c.
593 1257 800 1340 Ephemerida
830 1277 931 1316 renem
964 1255 1049 1339 apud
1083 1253 1222 1314 Troiam

299 1357 376 1419 Nam
395 1359 444 1419 vix
465 1357 585 1430 dubito,
608 1360 683 1440 qniu
703 1357 785 1438 apud
802 1355 929 1418 suidam
945 1355 1021 1416 haec
1036 1353 1226 1414 rerbar'Ae'

298 1453 387 1540 prator
406 1452 545 1539 ἔγραψεν
556 1453 761 1540 Pompilio,
777 1451 844 1518 ἔστι
864 1454 901 1517 δὲ
920 1449 961 1516 τὰ
975 1455 1052 1532 μεθ’
1066 1447 1219 1533 Ὅμηρον

298 1561 357 1641 δην
375 1559 409 1623 ἐν
429 1558 565 1638 βιβλίοις
580 1555 620 1624 θ’,
641 1549 793 1637 Ἰταλικοὶ,
816 1555 961 1636 Τρωϊκοῦ
973 1551 1180 1630 tineosum:
1209 1552 1226 1612 li

298 1660 512 1735 camilliano,
531 1671 560 1722 et
579 1659 792 1742 distinguenda
810 1679 881 1718 cum
895 1656 1076 1718 Obrechto:
1099 1655 1224 1727 Δίκτυς

299 1755 441 1841 ἔγραψεν
458 1751 657 1842 Ἐφημερίδα
681 1753 762 1842 (ἔστι
783 1757 819 1818 δὲ
838 1750 876 1818 sti
898 1757 973 1835 μεθ’
986 1747 1068 1834 Ὅμ.
1088 1756 1226 1819 irorata

295 1854 436 1944 Ἰλιακά)
463 1859 610 1940 Τρωϊκοῦ
639 1855 827 1936 διακόσμου.
879 1857 1102 1919 Pareutlresoos
1132 1857 1223 1916 istius

298 1964 366 2042 ipso
386 1962 425 2020 sit
445 1959 562 2034 suida,
586 1960 650 2022 sive
671 1958 710 2020 ab
733 1957 800 2020 eliis
821 1961 852 2019 in
874 1960 1041 2040 marginem
1063 1957 1226 2039 primumi

299 2072 415 2124 textum
446 2060 550 2138 illata,
581 2059 755 2138 distinctio,
789 2060 871 2122 uode
892 2059 1003 2142 pendet
1023 2060 1175 2142 genuinus
1199 2060 1226 2119 lo

299 2161 448 2239 debetur,
468 2173 502 2222 ut
524 2160 597 2237 disi,
620 2159 730 2222 illustri
754 2159 923 2237 Obrechto‚
946 2181 1037 2242 quens
1059 2160 1098 2221 ad
1110 2158 1227 2242 Epistol

300 2263 355 2322 mii
377 2261 468 2322 velim
492 2260 606 2322 videas.
647 2261 789 2322 Ceterum
811 2261 894 2343 qnod
916 2261 997 2342 apud
1020 2260 1146 2322 suidam
1172 2257 1226 2340 legi

301 2373 373 2444 ctyu
394 2379 498 2422 notem
517 2361 605 2422 libres
623 2359 696 2422 haec
713 2372 901 2437 exsecutum,
925 2381 1020 2443 quum
1035 2359 1198 2442 Septimius
1215 2379 1226 2420 r

302 2462 442 2525 videatur
460 2463 562 2522 decern
584 2459 693 2541 libros,
710 2462 784 2522 dum
801 2464 941 2545 pn‘orron
962 2461 1090 2545 quinque
1112 2461 1226 2522 volumi

299 2565 371 2624 dem
390 2585 421 2624 se
440 2581 600 2624 sennonem
619 2581 769 2634 servasse,
802 2561 921 2622 residuo
951 2570 1053 2620 entem
1081 2561 1208 2644 ortisque

301 2665 452 2747 redegisse
472 2663 536 2743 ait,
559 2661 590 2723 id
611 2683 686 2724 voro
708 2661 783 2726 levis
806 2683 841 2724 ec
865 2663 963 2724 tennis
985 2672 1030 2724 est
1048 2662 1226 2744 discrepanti

303 2765 462 2828 facillimus
482 2775 513 2827 et
533 2761 737 2826 creberrimus
765 2765 797 2824 in
819 2765 953 2824 numeris
977 2761 1165 2825 librariorum
1190 2762 1227 2821 sit

301 2878 337 2926 nt
359 2864 436 2928 adeo
455 2885 579 2947 prorsus
598 2875 717 2948 putem,
737 2863 787 2928 vel
809 2864 891 2948 apud
914 2863 1040 2924 Suidsm
1061 2862 1226 2946 legendum¹

301 2967 404 3046 potius
427 2966 509 3047 apud
533 2965 713 3049 Septimium
738 2967 859 3028 residem
878 2979 1011 3051 qrmmor.

387 3065 459 3130 Vll.
499 3065 641 3148 Denique
661 3069 750 3126 sicuti
770 3075 873 3127 noster
893 3067 1000 3148 Dictys
1020 3065 1110 3146 seipse
1130 3065 1170 3124 ait
1181 3062 1218 3122 V.

302 3163 396 3245 psisse
420 3163 479 3223 hoc
500 3183 577 3245 opus
598 3165 693 3226 litere
713 3165 838 3228 Punicis
863 3165 905 3225 ab
926 3163 1041 3228 Codm
1064 3163 1217 3248 &nosque

303 3267 345 3325 sic
366 3275 397 3324 et
414 3265 549 3327 Graecus
569 3266 698 3348 scriptor
720 3265 752 3328 in
774 3264 1000 3348 Prolsgomenis
1021 3265 1194 3340 Rhetoricis,
1212 3286 1226 3323 c

304 3363 420 3426 Allatio
443 3363 482 3426 de
501 3365 588 3428 Patr.
610 3363 704 3427 Hom.
726 3385 759 3448 p·
779 3365 831 3450 59
858 3366 973 3448 Dictys
995 3369 1137 3428 Graecum
1156 3385 1202 3426 seu
1224 3388 1226 3419 ι

301 3466 438 3526 montem
465 3465 643 3545 Idomenei,
677 3465 773 3528 tredit
799 3464 986 3549 συγγράψαι
1012 3461 1068 3528 τὸν
1092 3461 1217 3546 Τρωϊκὸν

305 3561 463 3626 wranov
486 3559 690 3647 γράμμασιν,
714 3556 762 3639 οἷς
776 3557 921 3648 ’Έλληνες
941 3561 1010 3628 τότε
1030 3558 1089 3627 cini
1109 3559 1226 3642 Κάδμου

304 3683 355 3736 τις
379 3663 539 3744 ἐχρῶντο,
565 3668 714 3752 compsisse
738 3667 823 3729 Troi.
844 3669 953 3730 &unm
974 3667 1068 3728 lium
1093 3667 1226 3727 Phoenice

303 3767 355 3826 bur
384 3765 496 3825 Gmeot‘
523 3777 593 3828 tnnc
622 3787 644 3827 a
673 3765 787 3828 Cadmo
807 3771 941 3852 acceptis
967 3768 1119 3832 utebarnnr.
1155 3765 1226 3824 Del

305 3861 428 3948 qemun
449 3863 604 3949 deinceps,
623 3866 747 3948 quaudo
761 3867 973 3950 probabimus,
992 3868 1151 3949 neutiquam
1165 3862 1226 3924 suisa

304 3985 371 4028 rem
395 3975 533 4028 nostrum
565 3967 708 4030 Troianis
737 3968 926 4052 temporibus
956 3967 1119 4051 aequalem,
1144 3963 1212 4048 quod

304 4065 375 4126 tut.
428 4065 518 4127 Nunc
549 4063 660 4127 sufficit
681 4079 785 4130 nostro
806 4070 956 4146 instituto,
977 4063 1128 4130 declarasse
1151 4067 1226 4126 etiam

306 4160 464 4227 literatum
488 4177 688 4250 argumento,
717 4170 831 4252 Dictyn
842 4217 852 4254 ,
883 4192 946 4254 quo
974 4169 1079 4232 Graeci
1096 4177 1121 4228 ct
1137 4187 1187 4248 quo
1204 4165 1226 4228 Si

305 4263 357 4326 hie
376 4275 422 4327 est
444 4287 536 4348 aare,
558 4265 650 4328 luisse
669 4272 811 4334 eundem.
