2860 4688
241 377 314 455 134
432 421 434 426 ν
622 397 742 450 morra
767 397 950 449 cunrmsss

236 565 391 674 Priamo
415 589 703 670 adventaverat:
737 611 829 692 gens
855 587 1054 678 bellatrix,
1088 605 1128 666 et
1150 585 1202 668 ob
1222 580 1324 664 idad

237 713 422 792 finitimos
438 710 638 802 indomita,
648 709 773 816 specie
783 735 982 786 armorum
996 707 1142 812 inclyta
1153 730 1223 814 per
1232 731 1324 786 mor-

238 831 342 906 tales.
390 827 517 932 Igitur
529 826 707 914 Achilles,
724 824 858 932 paucis
876 823 963 902 lidie
981 822 1175 905 adiunctis
1190 849 1322 914 secum,

237 946 466 1023 insidiatum
485 970 652 1052 propere
673 945 809 1050 pergit,
836 961 956 1048 atque
977 942 1125 1020 hostem
1147 967 1322 1018 securum

234 1064 295 1141 sui
322 1063 555 1168 praevortits
590 1077 675 1139 tum
709 1057 861 1164 ingredi
895 1058 1045 1136 llumen
1077 1058 1325 1166 occipientsm

235 1177 506 1254 circumvenit:
533 1179 589 1253 ite
613 1201 783 1280 eumque
806 1193 847 1254 et
870 1201 1019 1267 omnes,
1053 1176 1143 1281 qui,
1175 1175 1326 1252 comites

234 1295 394 1398 regulo,=
411 1291 547 1369 dolum
569 1289 795 1370 huiuamodi
816 1291 1098 1396 ignoraverant,
1122 1315 1170 1371 ex
1187 1291 1326 1398 impro-

233 1412 312 1486 viso
338 1409 544 1486 interficite
568 1427 610 1486 at
632 1405 831 1510 quendam
854 1407 1030 1486 filiorum
1055 1408 1200 1484 Priami
1230 1433 1326 1484 oom-

232 1525 485 1633 prehensum‚
514 1551 603 1603 mox
624 1525 757 1603 'excisis
782 1523 963 1602 manibus
990 1522 1042 1600 ad
1061 1523 1255 1601 civitatem
1269 1549 1326 1600 re·

233 1643 356 1720 mittit
389 1642 640 1730 nunciatum,
673 1665 776 1746 quae
808 1659 909 1745 gesta
941 1657 1064 1718 erant.
1121 1645 1206 1747 Ipse
1238 1667 1326 1720 cum

229 1758 348 1856 'caede
380 1757 655 1850 inimicissimo
692 1777 778 1835 tum
809 1757 995 1836 memoria
1032 1755 1176 1834 doloris
1200 1752 1326 1845 ferox,

231 1875 442 1982 spoliatum
459 1874 574 1951 armis
591 1871 750 1966 hostem,
775 1899 865 1950 mox
889 1871 1106 1950 constrictis
1130 1871 1175 1950 in
1199 1897 1327 1951 unum

232 1993 418 2104 pedibus,
439 1991 597 2068 vinculo
621 1991 760 2068 currui
784 2011 977 2097 postremo
1003 1989 1191 2068 adnectite
1234 1988 1327 2069 dein

231 2111 303 2188 ubi
337 2107 509 2185 ascendit
540 2109 643 2212 ipse,
675 2106 954 2185 Automedonti
991 2108 1187 2214 imperat‚'
1217 2105 1328 2184 daret

232 2229 317 2306 lora
350 2224 469 2329 equis.
530 2227 590 2300 Ita
615 2249 736 2300 curru
763 2224 915 2300 concito
941 2249 1010 2329 per
1030 2249 1221 2330 campum,
1246 2249 1327 2328 qua

231 2343 400 2422 maxime
423 2339 494 2418 ‘viai
520 2357 693 2448 poterat,
718 2341 899 2446 pervolat,
929 2340 1077 2418 hostem
1100 2337 1327 2417 mirandum

232 2449 277 2538 in
301 2455 462 2536 modum
483 2455 808 2535 circumtrahenss
848 2481 968 2560 genus
1001 2481 1147 2564 poenae
1181 2479 1327 2532 novum

232 2575 585 2679 miserandumque.

331 2697 437 2774 XVI.
459 2751 462 2758 ·
485 2697 538 2772 Ae
569 2686 677 2798 apud
709 2689 867 2768 Troiam
898 2689 969 2766 ubi
1002 2690 1124 2796 spolia
1152 2686 1332 2766 Hectoris

232 2809 398 2918 desuper
440 2833 486 2886 ex
528 2809 652 2888 muris
679 2805 1006 2900 animadvertere,
1052 2833 1154 2910 quac
1186 2807 1331 2883 Graeci

229 2944 436 3034 praecepto
471 2927 569 3029 regis
602 2941 693 3004 ants
727 2950 795 3002 ora
831 2919 1001 3001 hostium
1037 2923 1332 3029 praetulerant,

230 3063 271 3120 ct
296 3044 371 3132 ille,
391 3041 468 3156 xqui
493 3041 625 3118 excisis
649 3041 831 3118 manibus
855 3039 1117 3118 acerbissimae
1141 3040 1198 3116 rei
1224 3037 1334 3114 indi·

231 3193 516 3214 *nu—u·-

301 3263 341 3320 od
351 3264 493 3335 finitimos
509 3259 624 3336 iudom.)
640 3261 690 3318 Ed.
709 3265 787 3320 Crat
804 3282 823 3320 e
831 3264 971 3340 finitimis.
1006 3265 1090 3320 Varie
1100 3271 1189 3320 tentat
1199 3277 1333 3336 praepos.

230 3333 271 3392 ad
287 3336 436 3406 Wopkens.
454 3352 482 3404 p.
500 3335 542 3389 ta.
578 3335 745 3406 vindinglus
763 3337 824 3392 vult
842 3335 919 3409 opud
956 3356 999 3402 tn,
1026 3339 1168 3390 immemor
1185 3335 1336 3396 videlicet.

181 3461 185 3472 ,
230 3407 272 3462 esd
289 3423 415 3478 praepos.
442 3421 576 3526 persaepe
599 3407 768 3476 significare:
787 3407 868 3496 apud.
903 3407 1125 3496 'uaool’erlsou
1143 3403 1335 3530 qimau:

231 3489 261 3532 et
280 3481 368 3532 Wnss.
386 3476 422 3528 sd
462 3475 508 3527 sll-
527 3477 587 3530 cat
603 3480 645 3532 31.
666 3486 760 3532 eontra
779 3478 959 3548 Vsnsllngrom
977 3478 1137 3550 deputant,
1159 3475 1238 3531 used
1259 3491 1288 3540 e,
1307 3491 1338 3526 ss

230 3549 299 3602 lenti
318 3557 380 3612 cst,
410 3547 530 3601 Gronov.
549 3545 584 3600 ad
600 3547 660 3606 ttv.
684 3549 955 3620 vst.7,xxxv11u
974 3553 1016 3604 55.
1040 3561 1070 3605 et
1088 3548 1267 3618 Oudendorp.
1294 3545 1339 3598 sd

229 3619 305 3675 Caes.
324 3621 352 3670 Β.
372 3621 405 3674 G.
422 3617 468 3702 lll.
490 3619 540 3682 38,
558 3620 637 3689 Apul.
655 3617 721 3674 Met
743 3621 763 3672 l.
782 3637 808 3690 p.
828 3622 876 3690 42,
894 3617 944 3671 ubl
966 3619 1080 3691 Septim.
1099 3621 1240 3692 produxit.

294 3687 1342 3818 tt‘lttt'ltlttllltltft5.:‘.¹L.”.⁰.‘:·t.‘¹⁰1;‘t“”¹¹t.1⁵·diluta

228 3761 426 3888 lslsiuscemods'.
464 3830 531 3883 Cod.
550 3825 628 3886 Bessi.
647 3782 763 3888 ersissil
780 3851 853 3890 mou.
890 3834 986 3887 Sede.
1009 3779 1339 3892 vdqimtstsmamtns.

299 3901 436 3974 adnectis)
469 3901 518 3956 Ed.
539 3903 625 3958 Princ.
645 3902 776 3958 advertit.
814 3903 888 3958 lnlra
907 3903 964 3957 MS.
990 3905 1120 3982 l’erlzou⁸
1142 3901 1281 3958 escendit.
1310 3920 1342 3956 v.

228 3973 272 4030 td·
291 3975 358 4118 linis
380 4045 497 4098 maxime
516 4046 569 4099 visi
623 4047 653 4169 ¹3
689 4043 774 4096 Liber
797 4043 923 4100 Danielis
943 4045 1060 4100 Mescerl
1085 4053 1114 4098 et
1143 4060 1220 4097 meus
1246 4044 1345 4096 Bern.

246 4133 284 4169 uo
303 4121 420 4204 maritae
439 4119 467 4204 vp'
481 4129 536 4188 pot.
555 4115 604 4168 E.
649 4123 695 4172 rat.
712 4113 815 4171 videri.
834 4116 874 4170 Cl.
894 4113 929 4169 ad
949 4115 999 4172 lib.
1019 4117 1063 4170 lv.
1085 4120 1110 4188 4.
1131 4124 1159 4169 cl
1177 4115 1272 4169 Gloss.
1304 4143 1345 4158 -

256 4187 385 4314 mllllbls'
402 4187 752 4333 illeillirdisiilddrtulerat)
771 4259 883 4316 Retinui
898 4259 967 4314 hacc
986 4257 1070 4314 rerba
1091 4275 1125 4316 es
1137 4257 1162 4310 S.
1182 4255 1257 4308 Gall.
1280 4272 1346 4308 sec.
