2762 4684
164 311 210 378 24
567 315 728 374 usum
743 315 902 374 eunucu

166 519 330 565 suasurum
351 497 397 580 ei,
428 456 463 562 ul
478 496 610 585 prodest
626 499 661 564 in
681 501 816 580 bellum3
845 519 904 564 nse
920 497 1048 580 vereri,
1081 497 1112 564 si
1128 499 1273 564 columis.

166 601 421 670 commemorare
439 601 556 691 coepit,
582 603 738 668 Troianos
758 624 824 668 non
838 603 955 668 habere
978 603 1076 666 alium
1089 603 1190 668 ristun
1201 617 1273 670 tam

39 715 42 724 '
165 709 296 788 fortem,
322 725 417 792 quam
429 705 546 771 Hector
559 707 627 772 not
676 704 850 772 Diomedes
873 707 1027 772 etlllixes
1041 704 1144 770 dicere
1159 729 1273 796 cospe-

166 822 253 892 runt,
279 809 422 875 Troilum
443 831 508 874 uon
525 811 630 874 minus
651 831 746 896 quam
766 810 935 875 Hectorem
948 811 1054 876 virum
1066 810 1273 876 fortissimum

166 935 254 979 esse:
292 913 398 998 sicque
427 911 572 978 Menelao
607 913 790 978 mutantes
823 915 939 980 bellum
964 913 1031 995 geri
1055 913 1273 1002 prohibebant.

167 1015 297 1084 Calchas
319 1039 359 1080 ex
381 1017 510 1098 augurio
535 1015 715 1105 respondit,
755 1015 869 1084 debere
897 1037 1051 1107 pugnare,
1090 1037 1150 1081 uec
1167 1038 1271 1082 curere

166 1119 251 1210 quod
269 1119 367 1186 modo
381 1121 556 1208 superiores
566 1119 700 1188 Troiani
709 1122 833 1186 fuerint.

595 1362 686 1430 Gor·
709 1359 843 1430 XXXI.

268 1533 410 1624 Tempus
436 1551 558 1624 pugnae
585 1533 774 1624 supervenit.
831 1533 1068 1616 memnon,
1101 1528 1271 1612 Menelrus,

166 1631 358 1719 Diomedes,
391 1639 473 1704 Aiax
499 1640 671 1704 exercitum
695 1637 838 1704 educunt.
897 1631 1012 1701 Contra
1033 1633 1175 1700 Troiani.
1219 1635 1271 1700 tir

165 1757 280 1820 magna
296 1740 418 1822 caedes,
443 1755 596 1830 pugnatur
607 1744 725 1823 acriter,
750 1755 879 1828 uterque
894 1739 1047 1804 exercitus
1058 1739 1141 1802 inter
1155 1759 1190 1802 se
1203 1759 1273 1802 sre-

165 1837 265 1909 siunt
315 1845 441 1910 Troilus
458 1845 638 1912 Menelaum
661 1845 796 1924 sauciet,
828 1844 943 1908 multos
960 1842 1122 1921 interficit,
1144 1843 1272 1922 Argivos

165 1945 201 2009 in
224 1959 323 2010 castra
344 1951 462 2046 fugat..
491 1949 566 2014 Nox
582 1951 737 2038 proelium
758 1947 888 2014 dirimit.
937 1945 1066 2009 Postera
1081 1941 1134 2008 dis
1150 1945 1272 2010 Troilus

166 2059 199 2112 et
217 2048 391 2115 Alexander
410 2051 581 2115 exercitum
608 2049 752 2116 educum.
811 2051 926 2119 Contra
946 2068 1058 2113 omnes
1075 2047 1180 2129 Argivi
1197 2071 1273 2136 pro-

167 2147 273 2222 deunt.
323 2154 439 2218 Acriter
462 2155 606 2242 utrinque
621 2166 785 2243 pugnetur.
842 2153 968 2220 Troilus
989 2149 1175 2216 Diomedem
1194 2171 1274 2214 sau-

167 2256 247 2336 ciat3
272 2258 307 2322 io
325 2258 594 2340 Agmnemnonem
615 2251 858 2348 impressionem
884 2257 970 2336 iacit,
1001 2277 1146 2320 necnon
1159 2254 1274 2319 faciem

166 2359 267 2450 ipsius
293 2363 428 2441 sauciati
461 2363 596 2444 Argivos
624 2362 736 2428 caedit.
791 2361 856 2427 Per·
879 2361 998 2446 aliquot
1028 2357 1100 2422 ‹lies
1124 2373 1273 2446 pugnatur

167 2463 296 2529 aeriter:
329 2467 428 2530 multa
448 2467 548 2532 millis
568 2468 734 2532 hominum
759 2486 802 2530 ex
820 2476 950 2550 utruque
971 2475 1060 2550 parte
1077 2459 1274 2526 trucidentur.

165 2567 381 2651 Agamemnon
401 2581 436 2632 ut
455 2568 554 2651 vidit,
584 2572 741 2635 maiorem
769 2579 891 2657 perlem
911 2567 1064 2630 exercitus
1087 2585 1124 2629 se
1137 2563 1272 2652 quotidie

167 2672 326 2754 multrare,
354 2695 455 2760 neque
470 2675 612 2738 sulficere
632 2695 747 2763 posse,
778 2672 874 2736 mittit
896 2668 1037 2734 inducias
1053 2671 1273 2758 petereiusex

167 2793 305 2841 memes.
356 2775 499 2842 Priamus
514 2779 681 2842 consilium
695 2775 795 2859 cogit,
820 2772 939 2839 indicat
950 2772 1137 2854 Argivorum
1152 2769 1273 2838 deside-

167 2877 226 2943 ria.
276 2880 402 2946 Troilus
420 2892 531 2962 negat,
565 2880 679 2946 debere
698 2881 766 2946 dari
779 2891 847 2944 tom
862 2879 957 2958 longo
970 2890 1111 2963 tempore
1126 2875 1274 2956 inducias,

125 3031 130 3043 .
168 2979 343 3070 sedpotius
357 2984 600 3072 impressionem
612 2985 697 3066 lieri,
723 2977 968 3050 navesiocendi.
1016 2979 1174 3060 Priamus,
1201 2977 1278 3066 quid

168 3085 279 3170 cuique
294 3084 455 3168 videatur,
481 3086 583 3154 dicere
597 3089 740 3176 imperat.
792 3086 948 3153 Omnibus
968 3085 1115 3170 plocium
1129 3093 1194 3161 0⁸2»
1216 3081 1277 3147 ‘¹0-

168 3189 242 3251 bere
252 3189 330 3268 fieri,
349 3187 435 3275 quod
446 3190 553 3273 Argivi
564 3185 682 3280 petu'nt.
719 3190 808 3256 Tune
821 3191 899 3254 liunt
911 3184 1055 3252 induciae
1067 3188 1173 3252 insex
1184 3207 1275 3250 men·

169 3309 231 3354 sas.
281 3291 496 3372 Agamemnon
516 3316 592 3361 suos
612 3295 784 3360 honorifice
804 3289 1002 3380 sepeliendos
1017 3303 1119 3354 mrat:
1143 3289 1274 3355 Diome-

169 3389 260 3474 dem,
285 3395 465 3460 Menelaum
482 3399 605 3464 saucios
619 3409 713 3462 curat.
762 3397 893 3463 Troiani
905 3415 1005 3482 aeque
1019 3415 1096 3458 suos
1114 3395 1271 3481 sepeliqu

168 3493 254 3562 Dum
261 3499 405 3564 induciae
421 3513 502 3582 sunt,
528 3507 742 3582 Agamemnon
755 3521 798 3566 ex
813 3499 936 3566 consilii
951 3499 1106 3563 sententie
1119 3495 1162 3560 ad
1173 3497 1273 3562 Achil-

168 3601 233 3664 lem
255 3623 326 3668 cum
347 3605 480 3669 Nestore
499 3603 717 3693 proficiscitur,
738 3617 774 3669 ut
791 3616 915 3686 rogaret
929 3622 1003 3666 eum
1024 3603 1059 3666 in
1072 3603 1188 3664 bellum
1200 3621 1275 3690 pro-

169 3703 246 3769 dire.
297 3707 430 3772 Achilles
441 3709 539 3772 tristis
550 3729 664 3790 negare
680 3709 792 3796 coepit,
818 3727 854 3772 se
865 3704 1073 3794 proditurum,
1098 3703 1158 3768 sed
1170 3725 1276 3793 paoem

168 3810 235 3896 peti
248 3823 407 3898 oporteret
433 3813 580 3898 conqueri
599 3814 719 3900 coepit:
744 3809 802 3876 sed
816 3821 937 3888 tamen,
960 3807 1044 3894 quod
1051 3807 1276 3890 Agamemnoni

168 3912 246 3976 nihil
259 3915 488 4001 negarepossit,
514 3935 610 4002 quum
620 3927 743 4003 tempus
754 3935 877 4004 pugnae
890 3913 1136 3999 supervenisset,
1166 3933 1201 3977 sc
1215 3911 1274 3974 mi-

167 4015 239 4078 lites
254 4037 328 4082 suos
342 4019 526 4084 missurum:
550 4021 655 4106 ipsun
667 4029 848 4084 excusatum
864 4017 1006 4096 haberet,
1028 4013 1113 4102 quod
1127 4035 1163 4080 se
1177 4013 1276 4082 alosti·

168 4127 256 4180 neret
276 4139 421 4208 epugne.
470 4121 686 4205 Agamemmn
702 4121 860 4205 sigradus
876 4117 1046 4202 condignas
1060 4119 1135 4202 agit.
