2860 4688
232 317 302 390 176
386 337 389 348 ¹
606 332 723 384 orcrrs
747 283 922 386 mutosis

229 549 324 610 tum.
375 523 493 626 Quod
524 520 595 601 ubi
620 523 924 602 animadvertere
957 520 1137 611 barbari,
1171 521 1318 630 quibus

225 671 310 752 spes
333 643 459 720 omnis
482 643 525 717 in
553 644 752 748 Eurypylo
778 643 920 728 fuerat,
945 642 1027 718 sine
1050 631 1154 718 certo
1178 642 1318 720 ordine

227 779 310 842 aut,
333 777 501 848 rectore,
537 757 629 860 fuga
663 759 856 864 proelium
891 756 1090 848 deserunt,
1123 775 1240 861 atque
1264 758 1319 834 ad

228 901 360 954 muros
385 873 574 950 revolant:
609 890 694 950 tum
727 873 889 980 plurimi
915 873 1057 950 eorum*
1071 873 1118 950 in
1139 873 1231 980 luga
1256 875 1320 952 in·

229 989 391 1072 terfecti.
834 1067 836 1072 .

329 1107 471 1183 XVIII.
531 1103 656 1209 Igitur
695 1121 898 1212 postquam
935 1102 1028 1180 fusis
1059 1101 1231 1180 hostibus
1265 1103 1320 1180 ed

230 1249 343 1301 naves
370 1235 558 1296 revertere
591 1223 747 1311 Graeci,
782 1247 827 1296 er
851 1221 1000 1296 consilii
1024 1220 1212 1296 sententia
1236 1221 1318 1298 Eu·

229 1337 359 1442 rypyli
395 1354 561 1414 cremata
598 1363 678 1416 ossa
710 1355 828 1440 atque
866 1361 989 1411 urnae
1024 1335 1179 1412 condita
1212 1336 1320 1440 patri

230 1456 457 1546 remittunt,
490 1453 634 1530 scilicet
665 1478 849 1530 memores
889 1453 1166 1530 beneficiorum
1200 1472 1321 1556 atque

231 1571 435 1648 amicitiae.
495 1568 662 1647 Cremati
695 1569 813 1646 etiam
835 1595 907 1678 per
929 1596 1015 1646 suos
1040 1569 1177 1646 Nireus
1200 1587 1322 1674 atque

229 1690 431 1778 Peneleus,
465 1711 634 1763 seorsum
667 1687 821 1790 singuli.
882 1689 933 1762 At
966 1704 1116 1792 postero
1153 1681 1216 1760 die
1247 1709 1321 1790 per

231 1803 403 1908 Chrysen
426 1803 676 1907 cognoscitur,
700 1804 894 1878 Helenum
917 1801 1079 1894 Priami,
1105 1799 1321 1906 fugientem

231 1919 352 1998 scelus
377 1917 605 2004 Alexandri,
631 1917 737 2024 apud
761 1946 799 1994 se
823 1920 866 1996 in
891 1921 1035 2024 templo
1061 1943 1187 2021 agere:
1213 1944 1320 1993 mox·

230 2061 308 2140 que
333 2033 383 2111 ob
408 2032 449 2109 id
472 2034 592 2110 missis
615 2033 801 2110 Diomede
824 2055 863 2112 et
887 2037 1014 2128 Ulixe,
1042 2033 1203 2111 tradidit
1224 2059 1318 2125 sese,

230 2151 456 2256 deprecatus
484 2151 608 2255 prius,
643 2151 704 2226 uti
727 2151 800 2226 sibi
826 2171 975 2257 partem
1000 2154 1172 2257 aliquam
1195 2151 1320 2254 regio·

231 2267 311 2356 nis,
338 2267 381 2341 in
407 2291 485 2370 qua
512 2267 701 2369 reliquam
725 2267 845 2343 vitam
871 2267 1035 2371 degeret,
1062 2284 1244 2344 semotam
1266 2265 1320 2342 ab

229 2383 333 2472 aliis,
367 2380 630 2458 concederent
690 2381 793 2458 Dein
824 2381 874 2459 ad
908 2411 1020 2462 naves
1050 2383 1206 2476 ductus,
1246 2383 1321 2460 ubi

233 2499 399 2580 concilio
434 2501 576 2576 mixtus
609 2515 680 2584 est,
723 2501 847 2576 multa
876 2503 985 2607 prius
1017 2503 1185 2592 locutus,
1225 2499 1323 2574 Non

233 2635 340 2709 metu,
367 2617 433 2705 ait,
458 2641 499 2692 se
524 2620 654 2691 mortis
674 2621 838 2718 patrium
854 2635 1116 2726 parentemque
1139 2620 1325 2706 deserere,

234 2733 303 2810 sed
337 2731 493 2810 deorum
529 2749 696 2808 coactum
728 2737 935 2820 aversione,
976 2761 1133 2841 quorum
1166 2734 1327 2810 delubra

233 2850 375 2923 violari
397 2847 447 2924 ab
462 2847 702 2941 Alexandro,
726 2873 843 2956 neque
860 2876 900 2927 se
924 2875 1042 2957 neque
1067 2853 1236 2929 Aeneam
1258 2877 1326 2928 ne»

232 2967 358 3062 quisse
390 2969 494 3062 pati:
524 2970 592 3068 qui
623 2981 789 3045 metuens
824 2965 1060 3046 Graecorum
1087 2965 1326 3045 necandum

305 3201 404 3260 xvttt.
439 3218 530 3258 urnae
548 3199 672 3278 condita)
708 3206 750 3258 Ite
767 3205 794 3258 S.
815 3207 887 3262 Gall.
906 3225 957 3264 sec
975 3211 1014 3264 tx
1031 3217 1061 3265 et
1079 3212 1245 3274 Edl’rlnc„
1260 3223 1322 3266 non

233 3289 316 3328 ΨΜ·
333 3289 357 3324 V·
373 3271 409 3325 ld
427 3287 450 3332 0·
467 3275 492 3326 ⁸·
527 3273 602 3356 1qu
622 3277 649 3329 S·
669 3275 740 3330 Gall·
756 3295 821 3350 opp·
839 3280 972 3351 ctrystm.
1009 3282 1059 3342 Ed,
1083 3285 1170 3338 l’rlnc
1198 3281 1325 3342 cariata.

235 3343 267 3400 S.
288 3343 359 3396 Gall.
378 3357 431 3402 teo.
449 3343 490 3394 tx.
509 3341 597 3396 tradat
612 3362 679 3400 scae.

305 3414 426 3470 concilio
444 3415 566 3536 mixtasss
594 3417 620 3470 S.
643 3415 714 3470 Gall.
734 3434 798 3488 opp.
819 3429 848 3475 et
872 3409 922 3476 Ed.
942 3419 1024 3477 Mete
1043 3425 1172 3480 consitio.
1190 3439 1214 3476 v.
1230 3419 1273 3475 nd.
1295 3419 1322 3475 Ῑ.

235 3485 262 3540 6.
298 3486 348 3608 Edr.
370 3483 458 3538 Ptine·
475 3484 545 3537 etO
568 3499 588 3536 t·
605 3503 658 3540 om.
678 3503 795 3561 aequent
816 3493 909 3563 prius.
944 3494 1027 3550 Paulo
1048 3497 1120 3550 intra
1138 3495 1205 3549 Obr.
1223 3493 1324 3548 monis

237 3572 267 3610 aa
303 3575 318 3608 n
348 3598 356 3612 .

282 3575 437 3696 pAeneam)
473 3621 500 3680 S·
520 3623 591 3678 Gall·
609 3641 665 3686 tec.
683 3627 728 3681 IX·
747 3633 869 3687 Aenean.
905 3633 1016 3706 Ubique
1035 3635 1109 3690 idem
1120 3635 1177 3688 MS.
1190 3637 1328 3708 Aeneam

234 3694 399 3766 videturque
418 3695 508 3750 exitus
528 3713 567 3751 an
584 3698 749 3770 repetendus
768 3719 828 3757 ease
847 3721 881 3757 ex
904 3707 986 3760 litera
1010 3707 1113 3762 initiali
1137 3726 1158 3761 n
1180 3709 1328 3778 sequentis

238 3769 317 3824 verbi
333 3767 469 3838 nequiere.
548 3837 554 3852 ι

239 3853 450 3962 aalaidis]
468 3837 975 3988 ttttttt‘lusstlllttll‘,
989 3847 1091 3988 ‘itii'
1108 3848 1333 3972 „lttttt'tt‘t

240 3977 392 4063 tffirmrq·
411 3975 459 4031 ⁸ed
474 3993 582 4061 negare,
599 3997 623 4031 v.
635 3979 735 4063 Ι(ἐίοιι.
775 3986 801 4039 S.
824 3987 897 4046 Gall.
917 4005 982 4060 opp.
1002 4006 1036 4043 ae
1055 3991 1118 4064 qais
1130 4008 1159 4044 re
1176 3990 1289 4062 parati,
1310 3989 1331 4039 i.

241 4063 266 4100 e·
289 4060 506 4122 mqutueptm.
535 4056 565 4101 ul
589 4051 734 4120 legrturin
757 4057 854 4123 Bern,
889 4059 940 4112 Ed.
958 4059 1045 4122 Crat,
1076 4061 1180 4124 Mero,
1208 4059 1275 4112 otu.
1301 4065 1335 4110 et

241 4119 319 4244 lidi
336 4117 515 4264 egssndorp.
532 4119 569 4172 ed
586 4121 666 4193 Apul.
682 4123 747 4179 ntea
766 4127 800 4189 V.
816 4145 844 4200 p.
862 4131 923 4186 335.
941 4129 1016 4184 lnlra
1035 4129 1131 4198 Bern,
1148 4129 1199 4192 Ed.
1216 4131 1334 4186 Gratet
