2698 4688
509 355 704 408 tammo.
1106 359 1156 412 Vll

96 543 209 624 prau'nia
235 541 527 624 interpunctionibus
552 542 770 626 permultisque
797 543 977 626 corruptelis
1010 557 1155 632 aegrotat.

95 655 191 718 Ultima
210 668 277 736 eet,
305 657 389 740 qnod
409 658 522 739 teiam,
554 677 633 742 quae
663 659 775 742 prodiit
799 660 937 742 Septimii
957 661 1071 740 editio,
1098 685 1159 748 qua

91 771 172 832 instar
186 771 372 834 Decerieuae
391 783 479 850 ntor,
501 791 572 834 raro
594 793 613 835 a
635 793 684 834 me
696 785 942 853 commemorate,
966 779 1038 858 quia
1052 777 1158 840 lectio·

90 905 152 946 nun
177 883 225 946 vel
241 883 385 966 'plurime
410 905 480 968 pere
501 907 538 948 ex
565 885 627 948 Ed.
654 884 857 949 Cratandrina
876 888 975 950 aliave
998 889 1159 954 Besileenei

91 999 168 1078 petita
187 1009 251 1079 cet,
274 1009 392 1062 ceterae
413 1019 449 1062 ex
469 999 530 1062 Ed.
547 1001 739 1064 Meroeriaua
760 1000 921 1064 fluxerunt.

160 1113 219 1194 Qui
247 1101 323 1176 alies
350 1111 435 1176 volet
456 1114 593 1199 Septimii
625 1135 805 1200 cognoscere
833 1116 1001 1197 editiones,
1031 1120 1057 1180 is
1081 1116 1161 1202 legat

92 1227 196 1292 lubrie.
215 1227 295 1294 Bibl.
315 1230 385 1292 Lat.
411 1231 450 1298 T.
473 1231 514 1294 ll.
535 1254 567 1315 p.
587 1252 627 1318 79
648 1242 680 1295 et
698 1232 783 1300 121.
804 1253 835 1316 p.
852 1253 914 1317 7⁰3
936 1234 1016 1298 Acta
1034 1235 1158 1298 Erudit.

91 1343 162 1427 lipr.
186 1365 236 1407 an.
265 1365 354 1430 apoc.
382 1367 415 1429 p.
435 1347 478 1429 49
502 1357 532 1408 et
559 1367 611 1410 an.
635 1347 726 1432 1691.
754 1369 788 1432 p.
810 1347 888 1429 3343
912 1349 1048 1433 catalog.
1076 1349 1157 1412 Bibl.
1215 1365 1219 1370 ’

92 1457 194 1522 Bimae.
219 1461 261 1522 Τ.
280 1462 306 1522 l.
331 1461 401 1530 Vol.
422 1463 449 1524 1.
477 1485 510 1546 p.
536 1461 596 1543 563
617 1462 686 1532 sex.
712 1463 872 1526 Ouomeet.
892 1463 929 1532 P.
953 1466 980 1534 l.
1001 1487 1033 1549 p.
1053 1489 1085 1552 9.
1109 1466 1157 1528 Gi.

93 1571 164 1637 llorl
186 1575 234 1638 ed.
260 1575 383 1644 Fabrie.
415 1575 495 1644 Bibl.
522 1577 629 1642 Graec.
653 1577 679 1644 l.
702 1575 732 1646 5.
752 1576 784 1640 8.
824 1579 872 1640 De
899 1579 935 1642 iis
961 1589 1081 1645 tontum
1101 1581 1160 1644 hoc

93 1685 147 1751 loeo
165 1689 386 1776 lequi'rieum,
406 1714 485 1778 quae
508 1693 547 1754 nd
567 1713 692 1756 manum
712 1691 790 1754 mihi
812 1693 946 1756 suerum.
977 1675 979 1680 ,

160 1807 321 1870 Praeterea
341 1819 441 1871 nutem
462 1806 624 1892 diligenter
639 1809 757 1892 reapexi
777 1808 955 1890 Burmanni,
975 1795 1161 1890 Ruhnleuii,

92 1919 205 2000 erei,
227 1924 324 1986 Gortii
344 1925 533 2010 aliorumque
554 1925 587 1988 in
608 1924 838 1994 Commentariis
849 1925 912 1990 suia
925 1919 960 1987 ex
973 1928 1064 1990 variis
1078 1927 1159 1990 Edd.

90 2033 237 2121 descriptos
249 2039 389 2122 Septiraui
408 2039 501 2107 locos.
543 2041 669 2104 Praeter
682 2039 881 2104 institutama
896 2042 1052 2104 Gronovio
1063 2042 1163 2123 (Olus,

90 2150 239 2234 iuSen'pld
250 2153 368 2222 Ecclet.
383 2165 414 2216 et
429 2155 589 2218 Perizonio
605 2157 743 2236 (Dissert-
760 2153 800 2216 de
814 2156 924 2241 Dietye
946 2156 1037 2238 Cret.)
1050 2158 1164 2218 multo*

91 2285 149 2328 uun
160 2269 292 2352 Septimii
315 2269 455 2335 locorum
472 2273 689 2355 recensionem,
708 2269 848 2336 conuulni
868 2276 959 2336 ulain
983 2274 1164 2358 Woplensii

93 2378 259 2448 dnimodvv.
289 2385 321 2445 in
351 2385 464 2468 Dictyn
497 2386 599 2464 Creu,
630 2407 708 2472 quae
740 2386 882 2472 leguntur
906 2389 938 2448 in
958 2387 1051 2450 Obss.
1073 2389 1162 2455 Mire.

92 2493 157 2562 uu
174 2497 249 2560 nov.
271 2497 344 2561 vu.
365 2499 391 2566 t.
411 2499 450 2567 r.
476 2501 517 2562 ιι.
559 2501 626 2563 uu
655 2477 870 2565 nummum
891 2503 997 2565 nouo
1018 2502 1111 2570 ou..
1131 2504 1163 2565 a.

93 2607 257 2690 Septimium
276 2611 316 2676 de
337 2611 418 2675 bello
437 2615 571 2676 Truinno
591 2619 624 2678 in
644 2615 814 2697 Hennam-g.
836 2599 1027 2678 permisi-lter
1045 2617 1164 2680 Biblio-

94 2727 151 2787 Μ
169 2729 224 2796 Βά.
244 2731 273 2795 5.
291 2731 383 2792 Seeck
408 2732 442 2811 5,
469 2732 508 2794 ad
534 2753 610 2817 quae
636 2734 772 2796 enimam
793 2751 894 2793 meum
915 2731 1047 2792 advertit
1073 2730 1164 2793 Orel-

95 2837 166 2918 liua,
193 2862 360 2926 comparere
390 2845 465 2908 mibi
493 2867 555 2908 oon
576 2849 675 2930 potui.
719 2845 770 2906 ed
793 2843 1003 2908 illustrandum
1026 2865 1082 2908 nec
1103 2865 1166 2909 nou

93 2953 300 3020 mendandnm
321 2959 502 3042 Septimium
528 2980 590 3022 non
609 2979 719 3042 perum
741 2956 894 3020 contulere
913 2959 1035 3020 loannis
1057 2959 1167 3022 Antic-

94 3067 170 3132 tbml
203 3077 382 3156 cognomine
419 3075 547 3140 Malelae
575 3076 843 3161 Chrouographie,
880 3077 1001 3160 Georgii
1040 3077 1169 3140 Cedreni

93 3183 230 3266 Acade,
251 3191 380 3254 Teeteoe
403 3194 585 3276 Homerica,
605 3193 795 3278 aliorumque
815 3194 1014 3278 posteriorum
1033 3196 1168 3256 Graeco·

94 3323 152 3366 mm
167 3319 196 3370 et
209 3309 326 3394 Dictpin
340 3309 539 3393 expilatorum
552 3311 683 3395 eoriptn3
702 3313 777 3374 item
791 3310 940 3373 Gnidonie
954 3309 993 3374 da
1004 3309 1167 3388 Columna,

94 3425 189 3488 iudicis
214 3429 430 3508 Hermoneia,
462 3428 501 3490 de
532 3426 616 3490 bello
644 3428 778 3492 Troiano
810 3449 845 3491 ex
870 3429 981 3514 Dictye
1006 3437 1038 3490 et
1056 3427 1169 3490 Darete

94 3536 177 3602 latine
201 3546 388 3626 conscriptuc
418 3542 562 3624 libellus,
595 3565 685 3628 quem
705 3546 737 3606 iu
767 3544 981 3606 Germanicum
999 3561 1170 3607 emmonem

94 3658 175 3716 vernt
194 3640 343 3721 ilenricru
362 3657 601 3742 anevigeneie,
620 3657 659 3720 de
679 3678 741 3742 quo
761 3657 839 3718 inira
859 3659 986 3741 egimus.

169 3771 222 3839 llil
240 3776 335 3858 igitur
353 3773 509 3858 praeridiia
531 3774 665 3836 munitur
683 3773 802 3858 Dictyis
822 3774 985 3836 editionem
999 3772 1101 3836 duuo
1121 3793 1171 3854 ag·

95 3907 202 3970 samue
220 3911 307 3971 eum3
328 3903 421 3976 etque
439 3893 616 3976 scriptorem
638 3911 656 3952 a
677 3887 835 3974 permultis
852 3888 1030 3974 corruptelis
1047 3909 1100 3950 me
1122 3911 1170 3951 re·
1248 3872 1252 3880 ’

96 4023 246 4088 purgasse,
268 4029 304 4070 ec
324 4007 398 4071 locis
416 4028 512 4092 prope
530 4009 696 4069 innumeris
715 4006 755 4069 ad
774 4005 975 4090 integritatem
994 4023 1169 4083 revocasse,

6 4161 7 4166 κ
96 4121 156 4184 tine
179 4125 317 4207 superbia
345 4126 446 4208 eloqui
474 4123 581 4188 audeo.
629 4125 688 4186 Sed
714 4123 856 4207 quicquid
879 4135 908 4185 et
930 4125 960 4183 in
981 4121 1169 4185 emendando
