2860 4688
452 307 460 324 ,
646 241 665 307 t

281 375 352 446 tto
641 321 776 438 ⁸oreris
800 385 976 439 cumensis

279 581 544 669 inferioribus,
577 600 616 656 et
646 579 789 682 quibus
819 604 863 653 ea
895 606 975 654 non
1010 598 1136 669 crant,
1173 583 1351 685 praeustis

278 699 457 786 sudibus,
484 699 593 770 illinc
615 695 757 798 sagittis
781 713 967 770 certantes
991 694 1093 768 inter
1114 720 1152 771 se
1178 697 1351 784 invicem,

277 814 327 888 ad
361 815 529 887 multum
562 811 666 885 diem
698 829 887 884 exercere:
920 809 987 884 alii
1018 810 1113 884 saxis
1138 813 1351 886 utebantur.

275 927 348 1006 Sed
390 929 492 1003 inter
531 927 741 1028 sagittarios
777 925 941 1000 maxime
980 925 1179 1000 anteibant
1212 927 1350 1016 Ulixes,

275 1047 440 1132 Teucer,
474 1043 678 1129 Meriones,
713 1041 845 1144 Epioe,
877 1041 1082 1115 Menelaus.
1131 1042 1263 1142 Neque
1287 1041 1352 1115 du·

276 1157 405 1246 bium,
422 1251 425 1258 ¹
442 1158 540 1257 quin
573 1157 677 1230 inter
707 1154 775 1230 hos
806 1173 934 1228 tamen
960 1156 1205 1257 praecelleret
1228 1156 1352 1230 Philo-

276 1289 394 1365 cteta3
419 1273 567 1375 quippe
588 1271 762 1346 Herculis
781 1269 1005 1370 sagittarum
1023 1267 1210 1359 dominus,
1235 1289 1273 1346 et
1292 1269 1351 1346 de-

275 1387 417 1462 stinata
450 1385 612 1460 feriendi
644 1404 726 1460 arte
758 1383 955 1458 mirabilis.
1011 1389 1061 1460 At
1082 1387 1240 1461 Troiani
1265 1413 1352 1461 cum

274 1501 540 1589 auxiliaribus,
580 1499 740 1575 laxiores
764 1499 920 1587 militia,
946 1524 1073 1600 neque
1095 1501 1195 1576 circa
1218 1504 1352 1576 exerci-

277 1616 377 1692 tium
400 1616 563 1704 solliciti,
589 1613 784 1691 socordius
806 1615 966 1715 agitaret
989 1641 1034 1687 ac
1048 1641 1157 1719 saepe
1178 1617 1259 1692 sine
1273 1618 1352 1692 ullo

277 1729 508 1806 insidiarum
540 1749 647 1806 metu
681 1730 723 1808 hi
750 1749 818 1804 aut
846 1731 906 1804 illi
930 1729 1062 1805 multis
1086 1729 1352 1806 immolationi·

274 1843 347 1920 bus
378 1845 620 1949 Thymbraeo
653 1843 825 1950 Apollini
860 1843 1139 1948 supplicabant·
1196 1843 1350 1922 Hisdem

276 1958 357 2034 iere
387 1957 524 2036 diebus
557 1959 723 2036 nuncius
750 1977 996 2064 apportatur,
1022 1959 1212 2036 universas
1235 1986 1350 2064 prope

275 2077 384 2151 Asiae
403 2076 571 2152 civitates
589 2073 779 2154 descivisse
810 2101 834 2150 a
851 2075 1012 2160 Priamo,
1036 2069 1153 2179 atque
1166 2073 1248 2151 eius
1262 2076 1353 2152 ani-

279 2257 527 2278 *-

278 2363 309 2409 et
325 2356 473 2442 Wopkens.
490 2377 518 2432 p.
536 2361 580 2431 46.
613 2361 752 2416 Praeterea
776 2359 885 2417 Tollius
911 2377 960 2435 pro
978 2359 1131 2434 sobrietatis
1158 2359 1242 2415 babet
1253 2361 1352 2434 sadre-

292 2441 372 2482 adu·

271 2429 300 2507 s
347 2495 470 2569 pondere
488 2513 537 2554 aut
554 2501 695 2571 mensura)
731 2501 806 2554 Libri
820 2503 871 2552 mci
888 2499 1020 2572 ponderis
1037 2514 1249 2558 autmerssurae.
1284 2499 1352 2550 Sen-

279 2585 324 2620 sus
342 2577 396 2621 est:
414 2585 486 2638 quae
508 2571 594 2621 iacula
612 2571 692 2622 etiarn
713 2573 802 2642 quoad
816 2573 921 2639 porrdos
938 2580 965 2624 ct
982 2587 1134 2624 mensuram
1151 2589 1207 2624 non
1220 2569 1352 2624 inieriora

281 2648 362 2691 erant
381 2637 473 2694 bostis.
508 2640 573 2692 Mox
595 2641 644 2698 Ed.
662 2639 728 2699 Obr.
751 2641 850 2714 quibus
868 2660 923 2694 non
941 2643 1002 2694 ulia
1019 2656 1109 2700 erant.
1132 2656 1203 2712 qnae
1221 2655 1352 2711 perquam

275 2709 369 2778 placet
389 2709 479 2772 lectio,
498 2711 657 2778 praesertim
680 2711 730 2764 bac
752 2713 875 2764 instituta
900 2715 1070 2766 mutatione:
1094 2711 1193 2786 quibus
1217 2711 1276 2764 alie
1296 2729 1353 2764 nou

277 2791 371 2841 erant,
391 2780 478 2832 intell.
497 2781 603 2844 iacula,
619 2781 664 2834 rel
683 2783 773 2852 potius
791 2796 871 2834 arma.

348 2849 450 2918 Epioe,
472 2851 626 2924 Menelaus)
661 2852 709 2904 Ed.
728 2853 802 2907 Crat.
821 2867 871 2902 om.
891 2851 985 2922 Epios.
1005 2849 1086 2903 lione.
1120 2847 1259 2920 Nusquam
1279 2853 1354 2903 enirn

279 2915 353 2984 legi,
381 2919 477 2986 Epium
500 2921 645 2991 sagittandi
665 2931 723 2975 arte
740 2923 918 2987 excelluisse;
946 2935 1035 2990 neque
1057 2921 1136 2972 etism
1156 2929 1320 2974 memoratur
1337 2937 1353 2970 a

276 2985 390 3054 Septim.
402 3005 458 3058 cap.
473 2991 510 3042 sd.
546 2992 610 3042 Erat
628 3000 719 3043 autem
737 2994 820 3062 Epios
841 2988 922 3048 sidric
936 3007 975 3042 nv
996 2993 1101 3062 μαχίης
1117 2991 1194 3044 llom.
1212 2992 1244 3048 ll.
1257 2992 1353 3042 xxttt.

276 3056 340 3110 665.
375 3057 475 3116 Attide
493 3051 526 3122 ἦν
544 3059 615 3129 ὑπὲρ
632 3061 770 3128 ἐλάφους,
788 3059 863 3132 ὅμως
881 3078 964 3133 πυγμ
983 3077 1035 3130 χοε
1052 3059 1181 3122 deditior.
1199 3065 1276 3114 auct
1296 3063 1355 3114 scir

244 3155 250 3166 ·
281 3125 373 3193 Traia
393 3126 462 3178 Bibl.
482 3128 636 3180 Uiieubacb.
660 3131 739 3182 XVll.
759 3147 786 3200 p.
805 3135 865 3198 670.

349 3209 424 3258 trater
440 3196 489 3249 laos
506 3211 596 3250 tamen
611 3199 755 3270 praecedi.)
790 3202 830 3253 lta
853 3203 881 3260 S,
899 3199 967 3252 Gall.
985 3203 1092 3258 ccclx.
1113 3211 1141 3253 ct
1162 3201 1213 3255 Ed.
1230 3200 1297 3255 Obr.
1320 3199 1356 3254 lu

278 3267 375 3384 ‘iiiii'
398 3265 611 3404 irtqrrvisoqr'am
627 3287 719 3338 praec.
756 3271 829 3325 inira
846 3271 873 3331 S.
894 3273 965 3327 Gall
980 3289 1042 3343 opp.
1062 3279 1091 3326 et
1108 3271 1157 3326 Ed.
1177 3273 1262 3324 Prior.
1273 3271 1357 3344 seri-

278 3349 295 3384 u
337 3353 355 3384 r.
373 3351 429 3391 ua
492 3371 498 3384 .
522 3353 529 3388 ι
553 3371 558 3382 .

347 3403 470 3458 laxiores
493 3405 610 3477 militia)
650 3407 763 3460 Certim
793 3391 832 3461 εἶ
851 3407 953 3462 babere
981 3411 1021 3462 ait
1047 3411 1203 3466 Perizonius
1231 3411 1302 3463 Diss.
1330 3414 1357 3478 ς.

276 3469 400 3538 xxxix,
425 3474 589 3543 Septimium
613 3480 751 3548 scripsisse
774 3481 882 3534 laxiore
905 3481 1025 3548 militia,·
1053 3489 1085 3532 ut
1102 3483 1167 3538 Sall.
1187 3485 1243 3550 lug.
1262 3485 1307 3550 64.
1330 3485 1356 3534 5.

275 3541 385 3622 laxiore
402 3546 515 3614 imperio
531 3547 631 3602 milites
649 3547 757 3604 babere.
781 3567 860 3620 quam
880 3551 1075 3604 correctionem
1097 3560 1258 3622 receperant
1278 3551 1360 3606 Cart.

255 3621 304 3670 ,et
321 3613 406 3732 tipsias,
427 3615 462 3666 ad
480 3615 614 3669 Seli-loc.
650 3619 678 3672 Si
696 3619 850 3673 Perizonius
873 3621 955 3672 rerba
976 3631 1048 3674 recte
1066 3623 1254 3686 distinxisset,
1279 3623 1361 3674 nibil

275 3697 319 3732 mu
351 3693 414 3740 sset.

344 3755 419 3807 circa
438 3755 610 3827 exercitium)
647 3757 688 3809 tt.
714 3761 880 3828 exercitum
900 3759 975 3832 quod
999 3761 1111 3815 exbibet
1136 3763 1217 3814 etiam
1240 3761 1363 3816 Cottius

274 3821 292 3872 l.
311 3819 346 3882 l.,
372 3821 550 3896 defenditque
576 3825 739 3898 Vintlingiua
766 3841 860 3882 contra
887 3831 1042 3894 Bartbiuru,
1059 3831 1225 3885 scribentem
1243 3834 1362 3885 caerci-

274 3892 349 3944 tium.
386 3893 472 3947 Possit
489 3911 554 3948 sane
573 3899 736 3950 exercitium
756 3901 886 3968 originem
901 3915 934 3953 es
945 3903 1080 3972 oppositis
1091 3903 1253 3956 Graecorum
1272 3917 1364 3954 exer-

272 3964 450 4017 citationibus
477 3966 605 4032 duxissc3
638 3975 756 4020 attamen
782 3969 915 4023 latinitati
942 3975 1024 4038 magis
1048 3975 1175 4026 convenit
1200 3973 1364 4026 sollicitune

271 4030 344 4151 geum
362 4050 424 4087 cura
443 4039 614 4108 occupatum)
639 4053 696 4092 esse
721 4041 797 4092 circe
815 4042 1015 4114 aliquamrem.
1035 4043 1283 4103 seuiuariti.
1309 4061 1356 4095 sa.

219 4129 228 4146 ι
292 4109 331 4152 tat
351 4111 441 4157 autem
460 4109 620 4160 eser-citriam
638 4111 800 4161 auctoritate
818 4114 914 4178 optimi
932 4113 961 4166 S.
975 4112 1045 4164 Gall.
1062 4129 1113 4166 sec.
1126 4113 1170 4174 tt,
1188 4113 1237 4165 et.
1258 4113 1356 4164 Priue.

271 4175 299 4218 el
322 4173 399 4236 ohe,
417 4177 591 4248 agnoscitque
608 4177 679 4230 illud
694 4179 848 4234 Perizonius
866 4183 883 4234 l.
895 4182 912 4233 l.
931 4213 965 4226 -
986 4181 1050 4235 Mox
1061 4183 1204 4239 socordius
1222 4181 1252 4234 S.
1274 4183 1358 4234 Gall.

270 4251 320 4293 ase
340 4241 376 4296 ΙΧ
395 4247 539 4311 cibatu,
563 4247 733 4328 laudantque
757 4253 841 4308 Wass.
865 4261 893 4305 et
910 4252 1029 4306 Perizon.
1049 4253 1067 4306 l.
1084 4255 1101 4308 i.
1137 4255 1177 4308 tt.
1194 4251 1359 4308 socordius.
