2698 4688
479 395 719 446 txtttottttc'rto.
1060 401 1146 450 xtttx

88 583 143 664 lph.
163 582 229 648 Aul.
242 583 293 666 94.
316 583 368 645 ubi
390 587 518 662 canitur,
540 585 798 668 Agamemnonem
819 583 1014 668 Talthybium
1029 605 1148 649 omnem

86 691 227 752 ueritum
255 691 410 750 dimittere
438 693 577 763 iussisse,
606 711 676 752 cum
706 709 861 773 nunquam
884 709 1027 772 passurus
1055 703 1148 770 esset,

86 807 112 856 ut
130 795 183 858 filia
202 797 406 858 occideretur:
433 797 575 874 modun,
596 797 693 880 pergit
714 806 820 859 contra
842 797 1005 880 Euripides
1012 843 1022 876 ,
1042 801 1149 862 Mene-

85 901 154 964 laum
178 903 267 986 <apud
290 903 401 986 llygin.
422 902 515 970 fabul.
534 904 586 988 98.
609 915 639 964 et
662 902 783 966 Hmric.
806 923 835 964 c.
857 903 907 965 33.
928 901 981 966 fol.
1004 903 1053 972 57.
1078 903 1150 968 Uli·

84 1009 147 1086 rem)
165 1009 265 1071 multis
283 1009 423 1094 precihus
442 1011 470 1071 ei
490 1009 689 1092 persuasisse,
718 1019 753 1070 ut
777 1019 861 1070 atros
882 1008 997 1071 facinus
1019 1015 1148 1073 sortium

81 1125 130 1176 ret.
148 1145 186 1162 -
208 1114 290 1176 ldem
314 1114 507 1178 Ptolemaeus
533 1113 587 1176 lib.
608 1115 664 1176 vt.
697 1115 739 1175 ita
769 1114 890 1176 retulit:
925 1109 968 1186 ὥς
985 1107 1108 1189 Ἕλενος
1131 1111 1148 1178 ὅ

82 1215 223 1298 Πριάμου
236 1217 395 1302 ἐρόμενος
409 1216 602 1292 Ἀπολλοῖνος
619 1219 756 1300 γένοιτο·
800 1219 857 1282 καί
869 1217 946 1300 λοίβε
958 1220 1034 1302 παρ’
1047 1221 1150 1284 αὐτοῦ

82 1325 169 1404 tripos
183 1323 272 1401 τόξον
291 1324 498 1408 ἐλεφάντινον,
520 1313 546 1412 ᾦ
568 1323 714 1406 Ἀχιλλέα
732 1325 886 1402 roiricus
905 1320 984 1390 κατὰ
1004 1325 1059 1408 τῆς
1078 1343 1147 1407 get!
1178 1332 1182 1348 '

81 1427 135 1512 ρὸς.
154 1433 236 1496 Fons
255 1433 349 1496 huius
370 1432 505 1496 vulneris
525 1443 570 1496 est
591 1433 673 1515 apud
694 1434 806 1517 Dictyn
828 1432 881 1494 lib.
901 1434 959 1494 111.
969 1432 1002 1501 6.
1041 1431 1148 1498 Fortia

82 1542 151 1602 lxta
170 1541 232 1604 erlit
253 1539 387 1604 Helenus
404 1541 494 1602 Hom.
515 1539 552 1601 ll.
572 1539 658 1601 Xlll.
674 1539 754 1622 576;
778 1538 905 1602 Achillis
915 1561 993 1624 genu
1008 1538 1048 1603 ah
1061 1520 1146 1624 Age·

84 1670 146 1712 note
163 1650 338 1711 vulneratur
358 1647 393 1712 ll.
410 1648 506 1736 ‚xxi
526 1639 615 1727 544?
627 1647 680 1710 sed
700 1667 756 1709 uec
777 1647 858 1730 apud
881 1647 1069 1722 Homerum,
1091 1667 1146 1708 ue·

84 1777 133 1838 qne
160 1760 248 1819 mmm
277 1755 371 1818 alium
399 1757 554 1839 antiquum
575 1765 696 1838 poetam
723 1753 763 1816 de
788 1754 945 1816 vulnerata
966 1754 1005 1816 ab
1026 1753 1145 1816 Heleno

85 1863 195 1926 Achillis
217 1883 310 1926 mauu
337 1861 411 1944 quid
433 1862 563 1925 invenio.
605 1859 681 1924 Tala
701 1859 813 1922 vulnus
834 1859 947 1944 lingere
967 1863 1072 1946 Dictys
1091 1862 1146 1924 de·

84 1967 151 2048 urit,
169 1979 203 2032 ut
223 1968 385 2045 Achillem,
410 1969 496 2030 cuius
519 1967 563 2028 ira
582 1977 652 2028 aute
671 1965 804 2028 Patrocli
826 1977 954 2028 mortem
975 1971 1144 2052 rumpitur,

84 2089 113 2137 ut
133 2097 216 2159 supra
236 2076 430 2152 audirimus,
452 2085 565 2156 postea,
589 2072 744 2135 interfecto
764 2073 917 2153 Patroclo,
938 2076 1066 2138 maxime
1086 2077 1148 2138 ira·

84 2195 139 2244 tum
159 2187 187 2246 io
208 2203 342 2268 pugnam
363 2181 540 2243 redeuutem
562 2179 659 2242 lacere
677 2191 802 2262 posset3
824 2191 978 2263 praeterea
997 2181 1099 2266 quod,
1122 2182 1148 2244 si

83 2289 203 2352 Achilles
229 2289 387 2352 certamini
412 2287 612 2360 interfuisset,
642 2285 801 2348 Patroclus
829 2287 931 2350 abeo
958 2299 1062 2351 contra
1085 2287 1149 2350 Ha·

83 2409 183 2458 ctorem
198 2397 319 2468 adiutus
334 2405 462 2457 mortem
482 2394 559 2454 sorte
576 2394 725 2459 evitasset.
740 2425 779 2440 ·-
792 2392 909 2456 Eo'dern
929 2393 983 2456 lib.
1003 2393 1065 2457 vt·
1075 2417 1148 2456 nar·

83 2515 125 2564 rat
148 2481 357 2566 Ptolemaeus:
387 2495 436 2562 ὅτι
454 2493 534 2577 μετὰ
552 2489 769 2582 Ἀνδρομάχης
788 2493 843 2561 καὶ
862 2499 925 2563 τῶν
944 2497 1025 2562 υἱοῖν
1044 2497 1148 2562 αὐτοῦ

84 2609 220 2691 Πρίαμος
246 2601 329 2686 tinio
352 2604 414 2668 τῶν
427 2597 576 2685 Ἕκτορος
600 2592 699 2664 ὄοτοῖν
719 2595 820 2684 ἱκέτης
841 2602 972 2686 οἷφίνετο
992 2599 1073 2688 πρὸς
1092 2602 1148 2668 τὸν

83 2709 229 2794 Ἀχιλλέα.
276 2717 434 2778 Priamum
459 2721 592 2772 secutam
624 2729 689 2770 esse
715 2709 960 2771 Andromacham
991 2731 1052 2772 uua
1079 2733 1150 2773 cum

87 2819 224 2904 Polyxena
245 2833 276 2886 et
299 2821 438 2883 Hectoris
458 2816 526 2878 filiis
547 2815 730 2899 Astyanacte
751 2824 781 2876 et
800 2814 1017 2894 Leodamante,
1041 2837 1076 2878 ex
1093 2817 1149 2880 Di-

87 2931 155 3011 elyis
173 2929 223 2998 lih.
243 2931 304 2992 lll.
326 2947 376 2993 ao.
400 2925 534 2988 referunt
556 2919 682 2983 Malelas
704 2941 736 3003 p.
763 2921 830 3004 157,
855 2920 1010 2986 Cedreuus
1030 2945 1061 3008 p.
1079 2923 1146 2988 105.

86 3045 110 3095 et
135 3037 253 3100 Tremor
278 3037 369 3098 Hom.
390 3029 462 3094 515.
512 3026 615 3110 Atque
641 3025 771 3088 eundem
797 3047 869 3089 cum
888 3027 935 3090 his
956 3030 1070 3092 fontem
1090 3030 1147 3093 ha·

87 3143 174 3208 hmsse
203 3143 348 3206 ridentur
384 3137 587 3200 Philostratus
625 3131 747 3194 lleroic.
783 3133 869 3194 XIX.
888 3155 921 3216 p.
945 3134 1003 3218 737
1026 3135 1147 3212 Olenr,

87 3247 195 3312 terrim
213 3249 254 3310 ad
277 3248 359 3309 Aen.
379 3245 434 3309 lll.
448 3245 519 3306 322.
540 3249 570 3301 et
590 3237 746 3300 &natant
767 3238 918 3299 Manassae
937 3261 970 3322 p.
993 3241 1065 3322 24„
1094 3242 1149 3324 qui

88 3353 258 3440 Polyxenam
284 3351 408 3414 Priamo
436 3345 565 3408 adfuisse
599 3341 747 3420 tradunt;
783 3340 914 3424 itemque
946 3344 1147 3412 Ptolemaeus.

88 3461 179 3546 Dictys
197 3460 310 3524 scilicet
330 3457 421 3518 huius
441 3454 599 3514 comitatus
618 3450 842 3532 antiquissimus
856 3452 939 3515 testis
960 3463 1015 3514 est.
1055 3453 1150 3536 Apud

90 3567 241 3634 llomesum
268 3574 421 3629 sectantur
447 3560 605 3621 Priamum
625 3557 689 3618 eius
710 3555 820 3629 παῖδες
838 3557 894 3618 καί
912 3559 1067 3642 γαμβροί,
1096 3559 1150 3643 qui

91 3688 174 3740 uteru
195 3679 228 3738 in
249 3693 355 3756 campo
364 3671 489 3731 Troiam
503 3674 716 3742 revmtuntur3
738 3672 830 3748 atque
842 3663 924 3726 solus
943 3663 1051 3730 ldaeus
1066 3687 1151 3750 prae·

92 3803 135 3864 ro,
157 3803 281 3846 mmm
301 3798 417 3862 regens,
436 3775 593 3839 Prienam
613 3773 793 3850 comitatur,
813 3791 884 3832 cum
906 3793 943 3834 eo
962 3774 1149 3852 Mercurius,

93 3887 208 3952 ullove
229 3905 329 3952 comes
355 3893 387 3946 et
405 3882 474 3945 riae
495 3881 554 3941 dux
574 3879 693 3940 missus.
733 3875 876 3940 Attamen
897 3879 979 3942 solus
999 3879 1151 3944 Achillem

94 3995 139 4060 elit
159 3997 317 4072 Primus,
348 3991 439 4054 ldaeo
459 3987 498 4050 ad
518 4006 642 4049 currum
662 3983 779 4046 relicto.
801 4019 839 4034 -
863 3986 984 4050 Adlicio
1008 4000 1152 4069 quartmn

93 4095 241 4164 Ptolemaei
260 4099 374 4161 locum.
413 4091 533 4158 Scilicet
551 4089 633 4173 apud
650 4091 790 4173 antiquos
809 4100 911 4172 poetas
932 4093 1028 4157 altum
1048 4109 1093 4160 ast
1111 4103 1153 4162 si·

96 4203 202 4272 hum
222 4207 263 4270 de
282 4223 387 4281 causa,
407 4221 442 4262 er
463 4219 523 4281 qua
542 4195 718 4276 Menelaus,
747 4195 858 4260 Paride
878 4197 1018 4282 Spartam
1039 4205 1154 4271 adven.
