2726 4686
269 349 318 424 cte
649 367 765 430 oreris
790 367 965 420 eumerus

272 561 482 666 negligere,
516 577 555 636 et
585 560 724 662 singuli
752 558 912 636 navibus
936 553 1077 659 egredi.
1125 558 1226 637 Dein
1254 587 1317 666 pos

270 705 389 782 quam
415 671 683 750 a'custodibus
707 674 808 749 nihil
834 672 1116 763 remittebatur,
1140 693 1181 750 et
1202 701 1319 750 summ

270 793 308 871 vi
335 792 453 869 resisti
481 809 519 866 et
543 790 742 896 prohiberi
767 808 964 895 coeptum,
1002 787 1116 864 duces
1139 817 1270 866 omncs
1294 792 1319 864 ir

270 910 414 985 iuriam
431 933 550 983 manu
568 905 836 983 vindicandam
854 907 938 996 rati,
964 907 1126 1010 arreptis
1141 907 1257 982 armis
1270 934 1319 982 eu

271 1027 355 1101 lant
379 1025 554 1112 navibus,
580 1023 803 1126 incensique
827 1024 884 1098 ira
910 1020 1081 1098 custodes
1098 1021 1261 1113 caedere,
1289 1051 1319 1096 nt

270 1165 348 1244 que
376 1140 488 1215 versis
512 1138 571 1215 his
588 1157 703 1241 atque
722 1141 763 1214 in
788 1137 876 1240 luga
902 1163 1066 1242 parcere,
1090 1137 1154 1213 sed
1172 1141 1230 1213 uti
1249 1139 1319 1242 qui

271 1279 348 1359 que
372 1254 582 1356 fugientem
607 1251 965 1359 comprehenderat,
989 1253 1229 1330 obtruncare.

369 1375 417 1446 11.
467 1369 628 1447 Interim
660 1368 709 1444 ad
740 1369 977 1473 Telephum,
1011 1368 1081 1472 qui
1113 1369 1229 1472 primi
1262 1366 1319 1468 sug

273 1486 437 1563 Graecos
457 1503 659 1576 euaserant,
683 1485 865 1560 veniunt:
894 1488 1048 1560 irruisse
1063 1483 1176 1560 multo
1192 1485 1319 1559 hostire

194 1687 199 1690 .
273 1601 398 1690 milia,
434 1623 567 1704 cosque
599 1605 717 1674 caesis
749 1597 964 1676 custodibus
983 1599 1111 1674 littora
1133 1622 1319 1698 occuparat

271 1732 312 1792 et
335 1716 458 1790 multa
482 1731 677 1818 praeterea
701 1711 843 1816 singuli
868 1740 939 1818 pro
960 1731 1067 1788 metu
1084 1739 1153 1789 suo
1170 1710 1319 1788 adiicier

273 1848 328 1931 tes
353 1827 552 1904 nunciant„
600 1828 705 1904 Dein
730 1851 772 1903 re
795 1829 946 1930 cognita
957 1827 1147 1932 Telephus
1169 1853 1258 1904 cum
1283 1827 1319 1904 hi

272 1969 369 2050 quos
392 1944 540 2020 circum
562 1969 601 2020 se
625 1941 801 2034 habebat,
828 1943 998 2048 aliisque,
1022 1943 1093 2047 qui
1116 1943 1160 2020 in
1182 1967 1227 2020 ea
1252 1943 1319 2022 fest

271 2059 493 2140 rationein
515 2085 641 2135 unum
666 2056 830 2136 conduci
854 2077 1026 2164 potuere,
1051 2083 1214 2164 propere
1237 2061 1319 2140 Grai

186 2237 188 2240 -
272 2177 327 2254 cie
356 2173 508 2252 obviam
539 2175 663 2268 venit,
688 2200 734 2251 ac
756 2174 885 2251 statim
909 2172 1146 2252 condensatis
1167 2173 1319 2278 utriuqt

154 2303 157 2317 '
271 2289 467 2369 frontibus
491 2289 530 2366 vi
553 2309 690 2394 magua
724 2289 981 2366 concurritur.
1037 2288 1138 2365 Dein
1170 2289 1231 2366 uti
1254 2289 1319 2392 qui

273 2431 353 2510 quc
382 2405 426 2480 in
459 2431 596 2482 manus
618 2423 782 2496 venerat,
806 2399 1050 2482 interficitur.
1100 2405 1234 2502 Quum
1259 2405 1318 2482 int

276 2521 373 2613 rim,
408 2510 469 2596 his
501 2537 573 2596 aut
607 2519 684 2596 illis
706 2545 753 2596 ex
777 2543 866 2596 casu
889 2543 1047 2595 suorum
1073 2520 1318 2621 perculsis,v

273 2633 491 2714 hementius
514 2633 679 2712 invicem
702 2634 920 2724 instaretur,
944 2631 1218 2726 Thessrndmr,
1242 2659 1318 2738 que

340 2891 497 2964 prohiberi)
531 2889 610 2943 Bem-
634 2887 764 2944 cobiberi·
804 2885 901 2942 Deleri
921 2897 961 2942 err
978 2893 1042 2958 port
1064 2899 1186 2959 erepton
1212 2903 1247 2940 ex
1271 2889 1319 2942 trit

273 2962 353 3020 MSS.
373 2970 401 3012 et
419 2959 469 3014 Ed.
488 2959 569 3011 idere.

345 3032 478 3097 arreptis)
511 3029 537 3081 S.
556 3025 629 3081 Gall.
648 3043 712 3097 opp.
732 3025 862 3097 abreptis.

345 3105 437 3156 verris
460 3101 503 3153 iris
528 3110 612 3169 atque
637 3097 669 3148 in
684 3097 772 3170 suge)
806 3101 883 3150 lleru.
900 3109 987 3168 etque
1005 3095 1084 3170 insu
1104 3115 1155 3152 am.
1190 3097 1318 3168 Vinding

276 3173 387 3240 corrigit
407 3171 492 3224 verris
508 3165 554 3220 hir
572 3169 603 3219 in
611 3165 651 3286 (u
670 3186 728 3234 ως
751 3174 780 3220 et
795 3167 835 3219 sic
851 3168 1013 3236 exprimitur
1031 3169 1059 3218 iu
1079 3113 1126 3219 dd.
1148 3165 1219 3222 Crat.
1239 3171 1318 3236 Prope

277 3252 333 3297 tam
354 3241 498 3308 utrlurque
517 3239 543 3288 S.
562 3237 612 3288 Gal
626 3274 642 3298 .,
705 3237 923 3299 murmure.
941 3247 970 3290 et
987 3237 1053 3288 Obr.
1067 3238 1213 3291 lectionem
1226 3241 1318 3308 septis

275 3312 451 3368 vindicarunt
469 3308 589 3361 Perizon.
608 3305 678 3358 Disr.
697 3309 720 3376 §.
733 3305 796 3371 XL,
815 3307 888 3360 Cort.
905 3307 939 3360 ad
958 3307 1020 3360 Srll.
1039 3307 1093 3378 lug.
1111 3309 1152 3376 54.
1169 3311 1195 3373 6,
1214 3308 1318 3379 Wopkr

275 3401 302 3454 p.
325 3384 365 3442 16,
384 3374 565 3445 oudendorp.
584 3375 619 3428 ed
638 3379 658 3428 Α
681 3379 717 3428 ul.
738 3378 803 3430 Met.
822 3377 884 3434 Vll.
903 3393 929 3445 p.
948 3377 1007 3440 tor.
1025 3377 1065 3428 Cl.
1086 3379 1173 3432 Glorr.

311 3452 345 3503 ll.
378 3449 462 3523 primi
520 3448 568 3517 ga)
606 3395 680 3499 Μδξ.
698 3448 751 3499 mei
760 3448 869 3520 sagei.
890 3463 914 3500 e.
926 3446 1027 3519 suget.
1064 3445 1144 3502 lnira'
1165 3449 1230 3505 libri
1257 3451 1312 3502 mei

278 3525 360 3576 idere.
379 3534 405 3572 et
432 3535 474 3570 mu
499 3535 516 3568 a
534 3529 623 3587 praet.
661 3517 701 3568 At.
724 3535 776 3566 orn.
795 3531 828 3572 et.

305 3643 309 3655 ,
349 3587 527 3645 eondematir
551 3599 605 3640 retr.
624 3587 782 3660 frontibus)
824 3588 934 3656 ligimus
965 3588 999 3640 de
1025 3584 1078 3641 hcc
1104 3589 1164 3642 loeo
1193 3591 1224 3644 in
1249 3591 1317 3644 Prae

277 3680 296 3733 P
323 3661 391 3784 ⁴⁴isis
411 3727 553 3791 catillis)
587 3725 635 3778 Ed
660 3725 733 3778 Cret.
752 3727 796 3780 its
816 3738 899 3798 etque
916 3726 983 3780 ttttr.
1017 3725 1132 3784 Nereius
1150 3730 1210 3783 scil.
1229 3745 1317 3784 corre<

279 3812 355 3868 erat,
381 3814 432 3854 eur
458 3811 540 3866 crepe
560 3811 619 3850 esre
643 3797 662 3848 i.
679 3813 705 3867 q.
725 3799 831 3868 purtim.
850 3811 873 3845 v.
895 3796 983 3848 Glou.
1018 3797 1148 3854 Eiusdem
1166 3801 1303 3872 loquendi

281 3876 357 3931 neris
377 3873 519 3924 immemor
534 3869 648 3920 Decerir
667 3867 779 3921 volebat
795 3865 883 3918 iir'et
901 3867 967 3920 tttts.
1217 3919 1224 3938 .

405 3941 501 4008 culeis)
534 3940 613 3991 Bern.
630 3942 772 4006 pereurris.
811 3935 918 4006 Ubique
942 3939 972 3988 iu
996 3937 1065 3992 Ccd·
1084 3941 1162 3992 Beru-
1180 3940 1249 3994 baec
1271 3939 1317 4010 dep

287 4017 342 4071 lren
364 4019 419 4068 ttur
432 4008 589 4074 divertium
606 4015 638 4060 ut
655 4011 711 4064 ci·
729 4007 778 4060 lib.
798 4007 843 4060 tv.
862 4022 886 4059 u.
901 4009 927 4060 d
947 4006 981 4066 V.
1001 4025 1025 4078 7.
1061 4008 1149 4080 Supra
1165 4009 1216 4064 Ed.
1234 4011 1312 4064 Crat.

285 4105 374 4142 reuco
392 4099 511 4136 suorum.

356 4157 530 4210 irrueretur,
550 4145 754 4211 thessandriae)
788 4147 827 4200 lte
848 4154 920 4200 reete
941 4147 967 4200 S.
986 4149 1058 4203 Gall.
1079 4165 1130 4203 see.
1142 4149 1195 4211 tlt,
1213 4147 1266 4204 Ed.
1287 4154 1317 4205 Pr

288 4233 318 4283 ct
335 4223 400 4282 Obr.
436 4225 469 4277 ln
487 4225 551 4275 cett.
568 4219 641 4272 mala
658 4219 856 4272 sententiarum
873 4221 944 4274 reris
965 4220 1119 4275 instaretur
1133 4222 1223 4292 (ttern.
1243 4238 1260 4272 ι
1279 4240 1317 4276 ιιι,
