2698 4688
464 400 690 454 orssmrrrros
1033 401 1123 476 utri

26 593 169 680 lipistelis
188 591 311 658 Paridis
328 601 360 654 ct
378 590 511 656 Helenes
534 585 617 652 haud
632 589 762 652 obscuro
783 586 944 672 significat,
964 589 1018 654 aed
1040 594 1128 657 cuius

30 697 143 760 nullan
162 693 213 758 vet
233 693 392 756 minimam
416 694 479 755 mis
500 691 665 754 lectoribus
686 693 789 752 iniecit
804 692 1006 773 suspicionem
1024 691 1127 776 Septi·

31 817 105 858 am
131 803 258 874 m,
283 793 514 876 praeter-trisse,
542 811 624 874 quaa
651 788 692 852 ad
719 789 866 852 historiae
886 800 917 852 et
936 792 1066 854 emitae
1089 791 1129 858 il·

32 895 86 958 l'm
102 896 307 980 copitioncm
330 891 517 976 pertinebat,
537 890 767 953 eirmmstantia
786 909 910 973 prorsus
937 894 1127 974 necessaria,

34 1013 177 1078 mamque
196 991 268 1055 iiico
288 993 424 1054 Gmocus
444 991 566 1075 Dictys,
587 1000 619 1052 et
641 989 699 1074 qni
718 1008 790 1053 cem
809 989 896 1074 sequi
916 1011 949 1054 ae
966 993 1131 1076 profitetur

35 1093 164 1173 ma,
185 1092 313 1156 minim
331 1087 499 1175 pmeteriit.

109 1193 179 1264 xit.
221 1193 258 1256 ln
283 1191 470 1278 qmbusdam
499 1201 603 1253 tamen
632 1191 725 1252 etiam
755 1190 786 1252 in
810 1188 954 1268 diversa,
984 1201 1021 1254 ut
1043 1189 1128 1266 disi,

36 1293 104 1356 abiit
120 1315 141 1357 a
159 1303 269 1357 oostm
285 1293 434 1376 Septimio
450 1288 576 1354 Malelas
597 1292 673 1370 iste3
695 1302 787 1373 atque
809 1289 887 1352 odeo
907 1293 932 1353 si
954 1294 1056 1355 omnic
1076 1313 1131 1356 soa

37 1415 68 1454 er
87 1394 197 1479 Dietye
213 1395 355 1477 sumpsit,
376 1391 472 1456 alium
494 1401 615 1476 oportet
635 1389 779 1453 babuisse
799 1411 869 1453 eum
885 1391 1014 1476 Dictyn,
1037 1415 1132 1476 quarn

38 1491 135 1557 lubuit
159 1494 340 1578 Septimius.
392 1493 493 1554 lmmo
512 1511 587 1555 vero
610 1511 673 1552 non
697 1511 732 1553 ex
756 1489 821 1554 solo
842 1491 952 1577 Dictye
972 1515 1059 1556 suam
1079 1495 1132 1559 ille

37 1597 256 1660 minavit
276 1613 379 1657 rer'um
400 1593 606 1655 Troianorum
625 1591 846 1666 narrationem,
869 1593 921 1654 sed
942 1603 973 1656 et
995 1615 1031 1657 ex
1053 1593 1132 1678 aliis,

40 1705 68 1755 et
88 1697 214 1758 mine
234 1715 271 1756 er
291 1693 422 1778 Sisypho
444 1693 525 1769 Coo,
556 1691 704 1776 scriptore
728 1691 862 1754 eiusdem
887 1693 1003 1756 ferinae
1023 1705 1053 1758 et
1075 1719 1133 1758 no·

44 1806 99 1874 ue,
116 1815 211 1880 ῳειι
226 1793 379 1856 hamunt
398 1793 511 1856 Teucri
532 1795 565 1854 in
584 1793 643 1856 ista
658 1789 847 1875 expeditione
864 1792 956 1856 suiase
976 1795 1130 1874 comitem,

42 1909 69 1956 et
95 1907 162 1960 ante
185 1895 359 1959 nonaum
383 1893 489 1956 itidem
513 1893 665 1955 Troianas
693 1913 743 1954 res
762 1893 931 1975 posteritati
952 1896 1133 1979 prodidisse.

44 1995 112 2058 Vide
132 1995 241 2060 thiel.
263 2017 297 2080 p.
325 1993 380 2079 »67
400 2003 433 2056 et
460 1991 529 2060 ros.
574 1991 650 2055 lodo
669 2011 742 2075 ergo
767 1991 877 2055 hebuit
899 1993 1029 2058 Malelas
1050 1996 1134 2060 haud
1162 2023 1167 2037 .

44 2095 125 2160 dubie
155 2117 255 2182 poca
284 2095 356 2172 illa,
382 2113 463 2179 quaa
492 2093 582 2156 aliter
612 2113 648 2156 ac
673 2093 842 2177 Septimius
868 2117 903 2156 ex
927 2116 983 2158 sua
1008 2097 1137 2184 Dictyos

45 2195 236 2280 Epic-nida
257 2195 363 2258 refert.
405 2193 508 2256 Taceo
530 2195 634 2269 enim,
665 2191 846 2278 Septimium
865 2193 992 2260 liberius
1012 2197 1043 2260 in
1064 2216 1136 2263 ver-

46 2295 125 2360 tam
143 2301 263 2382 agisa,
293 2315 331 2358 ac
350 2293 445 2358 modo
463 2291 624 2356 indulsisse
652 2295 784 2357 orationi
812 2297 845 2358 in
873 2297 966 2360 rebus
996 2297 1138 2363 disertim

50 2396 255 2480 admotis,
279 2395 374 2457 modo
402 2395 612 2456 narrationem
632 2413 735 2456 rernm
758 2397 964 2476 contraxisse,
992 2399 1139 2462 Malelam

51 2515 133 2578 tuo,
161 2509 199 2560 nt
224 2497 400 2580 saepissime
427 2495 502 2556 sacit
529 2497 563 2557 in
590 2493 657 2556 aliis
678 2495 832 2573 historiis,
867 2499 959 2560 etiem
979 2495 1031 2561 lria
1053 2498 1139 2566 baud

52 2595 133 2660 dolie
156 2595 326 2660 maroniae
355 2597 432 2657 sitio
458 2605 514 2657 eat
538 2595 707 2678 imperitiae
733 2593 826 2679 culpa
853 2599 972 2681 saepius
998 2619 1141 2680 erraass3

52 2693 171 2780 δέῃ
203 2716 295 2779 saepe
327 2695 418 2757 etium
449 2697 611 2777 utriusque
632 2693 774 2758 librarios
802 2716 820 2756 e
847 2715 922 2757 uero
945 2708 977 2758 et
1006 2701 1142 2782 genuino·

56 2797 142 2878 ipsiu
159 2798 291 2858 nammis
310 2793 476 2858 dellcxiue.
516 2795 588 2874 Quo
609 2794 722 2873 resero,
744 2795 877 2856 incertus
891 2805 1015 2885 sapon,
1034 2809 1142 2864 utrum

54 2893 90 2954 ad
115 2893 310 2958 Ehuiomm
334 2915 373 2956 an
400 2896 503 2978 potius
530 2891 661 2956 Malelae
685 2895 780 2976 ipsius
810 2891 952 2978 colpam,
989 2897 1072 2980 quod
1107 2901 1142 2964 in

56 2994 138 3058 nodo
164 3007 334 3060 morata
363 2993 493 3056 historia
524 2991 652 3056 silerem
680 2991 802 3056 illerum
832 2993 968 3058 Menelai
993 2997 1143 3064 adfinium

57 3113 111 3158 aaa
134 3097 319 3177 mmo,
351 3106 389 3157 ut
411 3095 484 3156 iacit
511 3093 677 3176 Homerus,
698 3093 829 3158 Ovidius
846 3104 878 3156 et
901 3095 1063 3181 Septimius
1083 3123 1143 3164 no-

59 3202 129 3273 se,
151 3197 206 3260 nd
233 3195 508 3277 commem
529 3215 648 3278 semper
676 3205 775 3257 vocet.
817 3195 943 3258 Accedit
963 3197 1032 3275 his,
1058 3201 1144 3284 quod

59 3301 84 3350 et
103 3293 230 3357 lielelaa
248 3315 312 3358 noo
335 3293 526 3376 descripserit
546 3292 637 3376 plane
657 3293 791 3377 Dictys,
819 3293 872 3355 sed
894 3315 1012 3358 summo
1038 3299 1144 3361 itidem

61 3407 120 3453 tun
135 3393 277 3457 libertate
301 3415 337 3456 er
360 3393 510 3456 memoria
535 3391 656 3474 lougius
679 3403 733 3453 aut
756 3391 882 3456 brevius
901 3397 1076 3459 suisverbis
1096 3419 1145 3463 rea

63 3509 89 3552 cs
108 3515 143 3557 aa
162 3493 300 3581 angulas
321 3494 516 3579 expresses-itt
539 3503 575 3555 ut
596 3491 693 3578 liqttet
716 3513 751 3555 ex
776 3505 826 3556 tot
847 3493 986 3558 barbaria
1008 3497 1144 3562 vocabu-

65 3587 112 3670 lis,
136 3597 227 3658 sicuti
253 3595 366 3680 passim
397 3591 492 3670 alibi,
528 3595 572 3655 ito
600 3597 632 3655 in
662 3591 722 3655 lroc
750 3612 875 3678 quoque
902 3595 1031 3660 historie
1062 3601 1148 3684 apud

68 3711 126 3756 arua
145 3695 396 3760 maehum
421 3693 517 3758 veluti
536 3691 694 3756 douir'daer
713 3695 984 3777 aoosstaoulope'ov
1000 3721 1034 3784 p.
1066 3721 1147 3785 ¹¹93

67 3790 232 3868 uatem·
250 3791 309 3878 τὴν
322 3789 436 3876 χόριον
456 3817 489 3879 p.
510 3793 587 3875 1²63
605 3791 640 3856 dv
660 3793 704 3878 rii
724 3790 795 3880 to'p
816 3796 1000 3858 nazoreum
1019 3819 1051 3881 p.
1069 3819 1147 3884 ¹²73

15 3949 17 3972 p
68 3879 123 3952 ilas
137 3889 282 3972 pendebo
303 3919 334 3980 p.
353 3895 423 3965 136.
445 3907 477 3957 et
497 3895 575 3975 elia,
596 3913 676 3980 quaa
694 3893 878 3958 alienissimo
897 3907 971 3958 sunt
990 3917 1009 3960 a
1030 3899 1148 3963 Graeco

15 3995 17 4038 ¹
68 3997 197 4076 ‘aporia
216 3995 387 4058 linoniooi
404 3997 564 4078 scriptore.
861 4067 867 4072 .

137 4095 227 4156 1111.
278 4093 378 4157 Aliud
407 4115 482 4157 vero
511 4093 585 4156 lruio
614 4093 761 4156 sententia
793 4095 936 4178 opposuit
956 4097 996 4163 V.
1020 4096 1063 4158 lt.
1089 4099 1149 4170 los.

70 4185 227 4270 huns,
253 4207 286 4258 et
308 4215 479 4278 quaecum
508 4197 644 4280 sequium
668 4194 761 4257 Anna
778 4194 888 4289 ¹Fabri,
914 4197 1072 4261 credentes
1093 4223 1149 4285 pa·

71 4287 150 4370 riter,
179 4293 294 4375 Dectyu
317 4295 442 4371 illum,-
457 4296 539 4358 arius
559 4297 668 4358 nuntio
687 4295 773 4380 opud
790 4295 922 4360 Saldam
947 4313 980 4362 ετ
1001 4297 1148 4378 Troizen,
