<?xml version="1.0" encoding="UTF-8"?>
<!DOCTYPE html PUBLIC "-//W3C//DTD XHTML 1.0 Transitional//EN"
    "http://www.w3.org/TR/xhtml1/DTD/xhtml1-transitional.dtd">
<html xmlns="http://www.w3.org/1999/xhtml" xml:lang="en" lang="en">
 <head>
  <title>
</title>
<meta http-equiv="Content-Type" content="text/html;charset=utf-8" />
  <meta name='ocr-system' content='tesseract 3.04.00' />
  <meta name='ocr-capabilities' content='ocr_page ocr_carea ocr_par ocr_line ocrx_word'/>
</head>
<body>
  <div class='ocr_page' id='page_1' title='image "./dictyscretensis00dictgoog_0482.png"; bbox 0 0 2808 4686; ppageno 0'>
   <div class='ocr_carea' id='block_1_1' title="bbox 207 225 948 314">
    <p class='ocr_par' dir='ltr' id='par_1_1' title="bbox 207 225 948 314">
     <span class='ocr_line' id='line_1_1' title="bbox 207 225 948 314; baseline -0.003 -20"><span class='ocrx_word' id='word_1_1' title='bbox 207 225 280 314; x_wconf 63' lang='grc'><em>316</em></span> <span class='ocrx_word' id='word_1_2' title='bbox 567 247 784 296; x_wconf 76' lang='lat' dir='ltr'><em>nuosssnwu</em></span> <span class='ocrx_word' id='word_1_3' title='bbox 813 248 876 294; x_wconf 75' lang='lat' dir='ltr'><em>uus.</em></span> <span class='ocrx_word' id='word_1_4' title='bbox 902 247 948 293; x_wconf 78' lang='lat' dir='ltr'><em>vr.</em></span> 
     </span>
    </p>
   </div>
   <div class='ocr_carea' id='block_1_2' title="bbox 197 431 1360 4139">
    <p class='ocr_par' dir='ltr' id='par_1_2' title="bbox 206 431 1311 724">
     <span class='ocr_line' id='line_1_2' title="bbox 206 431 1310 520; baseline 0.002 -26"><span class='ocrx_word' id='word_1_5' title='bbox 206 454 248 498; x_wconf 82' lang='lat' dir='ltr'><em>ca</em></span> <span class='ocrx_word' id='word_1_6' title='bbox 268 455 337 496; x_wconf 74' lang='lat' dir='ltr'><em>uero</em></span> <span class='ocrx_word' id='word_1_7' title='bbox 353 439 509 520; x_wconf 73' lang='lat' dir='ltr'><em>praeceps</em></span> <span class='ocrx_word' id='word_1_8' title='bbox 530 437 613 496; x_wconf 78' lang='lat' dir='ltr'><em>ierat</em></span> <span class='ocrx_word' id='word_1_9' title='bbox 631 437 737 497; x_wconf 83' lang='lat' dir='ltr'><em>multis</em></span> <span class='ocrx_word' id='word_1_10' title='bbox 757 431 799 497; x_wconf 84' lang='lat' dir='ltr'><em>de</em></span> <span class='ocrx_word' id='word_1_11' title='bbox 822 437 936 499; x_wconf 81' lang='lat' dir='ltr'><em>causis.</em></span> <span class='ocrx_word' id='word_1_12' title='bbox 957 435 1027 519; x_wconf 77' lang='lat' dir='ltr'><em>lug.</em></span> <span class='ocrx_word' id='word_1_13' title='bbox 1048 435 1100 496; x_wconf 74' lang='lat'><em>51.</em></span> <span class='ocrx_word' id='word_1_14' title='bbox 1123 434 1155 496; x_wconf 88' lang='grc'><em>6.</em></span> <span class='ocrx_word' id='word_1_15' title='bbox 1184 456 1310 498; x_wconf 77' lang='lat' dir='ltr'><em>necesse</em></span> 
     </span>
     <span class='ocr_line' id='line_1_3' title="bbox 206 535 1311 622; baseline -0.004 -22"><span class='ocrx_word' id='word_1_16' title='bbox 206 550 267 616; x_wconf 86' lang='lat' dir='ltr'><em>est,</em></span> <span class='ocrx_word' id='word_1_17' title='bbox 291 535 409 598; x_wconf 82' lang='lat' dir='ltr'><em>suomet</em></span> <span class='ocrx_word' id='word_1_18' title='bbox 425 537 488 620; x_wconf 81' lang='lat' dir='ltr'><em>ipsi</em></span> <span class='ocrx_word' id='word_1_19' title='bbox 503 553 589 598; x_wconf 81' lang='lat' dir='ltr'><em>more</em></span> <span class='ocrx_word' id='word_1_20' title='bbox 605 536 791 622; x_wconf 83' lang='lat' dir='ltr'><em>praecipites</em></span> <span class='ocrx_word' id='word_1_21' title='bbox 810 550 894 600; x_wconf 82' lang='lat' dir='ltr'><em>eant.</em></span> <span class='ocrx_word' id='word_1_22' title='bbox 915 537 1027 620; x_wconf 85' lang='lat' dir='ltr'><em>quihus</em></span> <span class='ocrx_word' id='word_1_23' title='bbox 1049 535 1124 599; x_wconf 88' lang='lat' dir='ltr'><em>locis</em></span> <span class='ocrx_word' id='word_1_24' title='bbox 1143 537 1228 600; x_wconf 86' lang='lat' dir='ltr'><em>vide</em></span> <span class='ocrx_word' id='word_1_25' title='bbox 1251 538 1311 598; x_wconf 78' lang='lat' dir='ltr'><em>dis-</em></span> 
     </span>
     <span class='ocr_line' id='line_1_4' title="bbox 206 637 497 724; baseline 0 -24"><span class='ocrx_word' id='word_1_26' title='bbox 206 647 353 724; x_wconf 75' lang='lat' dir='ltr'><em>putatas</em></span> <span class='ocrx_word' id='word_1_27' title='bbox 378 637 497 700; x_wconf 87' lang='lat' dir='ltr'><em>Cortio.</em></span> 
     </span>
    </p>

    <p class='ocr_par' dir='ltr' id='par_1_3' title="bbox 207 737 1309 906">
     <span class='ocr_line' id='line_1_5' title="bbox 291 737 1309 822; baseline -0.001 -23"><span class='ocrx_word' id='word_1_28' title='bbox 291 759 344 800; x_wconf 84' lang='lat' dir='ltr'><em>seu</em></span> <span class='ocrx_word' id='word_1_29' title='bbox 366 771 406 786; x_wconf 90' lang='lat'>-</span> <span class='ocrx_word' id='word_1_30' title='bbox 426 741 553 802; x_wconf 83' lang='lat' dir='ltr'><em>siue-</em></span> <span class='ocrx_word' id='word_1_31' title='bbox 573 737 637 817; x_wconf 81' lang='lat' dir='ltr'><em>uel)</em></span> <span class='ocrx_word' id='word_1_32' title='bbox 680 737 825 800; x_wconf 74' lang='lat' dir='ltr'><em>ut‘Flor.</em></span> <span class='ocrx_word' id='word_1_33' title='bbox 847 737 903 799; x_wconf 80' lang='lat' dir='ltr'><em>lv.</em></span> <span class='ocrx_word' id='word_1_34' title='bbox 929 759 960 800; x_wconf 79' lang='lat'><em>2.</em></span> <span class='ocrx_word' id='word_1_35' title='bbox 984 759 1035 822; x_wconf 73' lang='lat'><em>79.</em></span> <span class='ocrx_word' id='word_1_36' title='bbox 1059 759 1093 800; x_wconf 84' lang='lat' dir='ltr'><em>se</em></span> <span class='ocrx_word' id='word_1_37' title='bbox 1116 739 1309 822; x_wconf 83' lang='lat' dir='ltr'><em>excipiunt:</em></span> 
     </span>
     <span class='ocr_line' id='line_1_6' title="bbox 207 836 845 906; baseline 0.002 -9"><span class='ocrx_word' id='word_1_38' title='bbox 207 836 275 898; x_wconf 83' lang='lat' dir='ltr'><em>sive</em></span> <span class='ocrx_word' id='word_1_39' title='bbox 297 871 334 884; x_wconf 88' lang='lat'>-</span> <span class='ocrx_word' id='word_1_40' title='bbox 357 839 425 900; x_wconf 83' lang='lat' dir='ltr'><em>siue</em></span> <span class='ocrx_word' id='word_1_41' title='bbox 447 871 487 886; x_wconf 87' lang='lat'><em>--</em></span> <span class='ocrx_word' id='word_1_42' title='bbox 507 841 568 905; x_wconf 85' lang='lat' dir='ltr'><em>uel.</em></span> <span class='ocrx_word' id='word_1_43' title='bbox 593 840 649 900; x_wconf 85' lang='lat' dir='ltr'><em>uhi</em></span> <span class='ocrx_word' id='word_1_44' title='bbox 670 861 701 906; x_wconf 87' lang='lat' dir='ltr'><em>v.</em></span> <span class='ocrx_word' id='word_1_45' title='bbox 724 837 845 900; x_wconf 76' lang='lat' dir='ltr'><em>Duker.</em></span> 
     </span>
    </p>

    <p class='ocr_par' dir='ltr' id='par_1_4' title="bbox 207 937 1310 1120">
     <span class='ocr_line' id='line_1_7' title="bbox 290 937 1310 1024; baseline 0.004 -26"><span class='ocrx_word' id='word_1_46' title='bbox 290 938 346 999; x_wconf 83' lang='lat' dir='ltr'><em>xl.</em></span> <span class='ocrx_word' id='word_1_47' title='bbox 389 941 508 1000; x_wconf 84' lang='lat' dir='ltr'><em>nomine</em></span> <span class='ocrx_word' id='word_1_48' title='bbox 526 939 665 1024; x_wconf 87' lang='lat' dir='ltr'><em>publico)</em></span> <span class='ocrx_word' id='word_1_49' title='bbox 709 941 730 1001; x_wconf 87' lang='lat' dir='ltr'><em>i.</em></span> <span class='ocrx_word' id='word_1_50' title='bbox 744 963 771 1001; x_wconf 82' lang='lat' dir='ltr'><em>e.</em></span> <span class='ocrx_word' id='word_1_51' title='bbox 794 937 853 1000; x_wconf 89' lang='lat' dir='ltr'><em>sub</em></span> <span class='ocrx_word' id='word_1_52' title='bbox 877 939 1002 1000; x_wconf 87' lang='lat' dir='ltr'><em>nomine</em></span> <span class='ocrx_word' id='word_1_53' title='bbox 1024 940 1179 1016; x_wconf 81' lang='lat' dir='ltr'><em>civitatis,</em></span> <span class='ocrx_word' id='word_1_54' title='bbox 1207 963 1228 1002; x_wconf 80' lang='lat' dir='ltr'>a</span> <span class='ocrx_word' id='word_1_55' title='bbox 1250 952 1310 1002; x_wconf 78' lang='lat' dir='ltr'><em>tota</em></span> 
     </span>
     <span class='ocr_line' id='line_1_8' title="bbox 207 1035 1062 1120; baseline 0.008 -24"><span class='ocrx_word' id='word_1_56' title='bbox 207 1035 334 1100; x_wconf 72' lang='lat' dir='ltr'><em>civitate</em></span> <span class='ocrx_word' id='word_1_57' title='bbox 357 1048 512 1100; x_wconf 73' lang='lat' dir='ltr'><em>evocatus.</em></span> <span class='ocrx_word' id='word_1_58' title='bbox 538 1042 610 1102; x_wconf 85' lang='lat' dir='ltr'><strong>Lib.</strong></span> <span class='ocrx_word' id='word_1_59' title='bbox 632 1041 673 1102; x_wconf 89' lang='grc'><em>11.</em></span> <span class='ocrx_word' id='word_1_60' title='bbox 700 1039 752 1120; x_wconf 75' lang='grc'><em>48.</em></span> <span class='ocrx_word' id='word_1_61' title='bbox 776 1042 898 1101; x_wconf 81' lang='lat' dir='ltr'><em>nomine</em></span> <span class='ocrx_word' id='word_1_62' title='bbox 917 1040 1062 1104; x_wconf 85' lang='lat' dir='ltr'><em>omnium.</em></span> 
     </span>
    </p>

    <p class='ocr_par' dir='ltr' id='par_1_5' title="bbox 208 1138 1310 1328">
     <span class='ocr_line' id='line_1_9' title="bbox 290 1138 1310 1224; baseline 0.002 -26"><span class='ocrx_word' id='word_1_63' title='bbox 290 1151 380 1199; x_wconf 86' lang='lat' dir='ltr'><em>tauta</em></span> <span class='ocrx_word' id='word_1_64' title='bbox 401 1139 445 1200; x_wconf 87' lang='lat' dir='ltr'><em>vis</em></span> <span class='ocrx_word' id='word_1_65' title='bbox 464 1141 521 1208; x_wconf 83' lang='lat' dir='ltr'><em>loc.</em></span> <span class='ocrx_word' id='word_1_66' title='bbox 541 1177 582 1190; x_wconf 87' lang='grc'>-</span> <span class='ocrx_word' id='word_1_67' title='bbox 607 1143 780 1219; x_wconf 76' lang='lat' dir='ltr'><em>inuaserat)</em></span> <span class='ocrx_word' id='word_1_68' title='bbox 823 1138 897 1205; x_wconf 82' lang='lat' dir='ltr'><em>Sall.</em></span> <span class='ocrx_word' id='word_1_69' title='bbox 919 1141 1030 1224; x_wconf 78' lang='lat' dir='ltr'><em>fragm.</em></span> <span class='ocrx_word' id='word_1_70' title='bbox 1054 1139 1113 1201; x_wconf 86' lang='lat' dir='ltr'><em>Vl.</em></span> <span class='ocrx_word' id='word_1_71' title='bbox 1127 1161 1182 1200; x_wconf 81' lang='lat'><em>20.</em></span> <span class='ocrx_word' id='word_1_72' title='bbox 1207 1139 1310 1200; x_wconf 86' lang='lat' dir='ltr'><em>Simul</em></span> 
     </span>
     <span class='ocr_line' id='line_1_10' title="bbox 208 1238 1145 1328; baseline 0 -28"><span class='ocrx_word' id='word_1_73' title='bbox 208 1238 350 1300; x_wconf 81' lang='lat' dir='ltr'><em>immonis</em></span> <span class='ocrx_word' id='word_1_74' title='bbox 369 1242 418 1298; x_wconf 81' lang='lat' dir='ltr'><em>uis</em></span> <span class='ocrx_word' id='word_1_75' title='bbox 438 1241 656 1303; x_wconf 78' lang='lat' dir='ltr'><em>lominum&#39;ex</em></span> <span class='ocrx_word' id='word_1_76' title='bbox 676 1242 722 1302; x_wconf 77' lang='lat' dir='ltr'><em>tis</em></span> <span class='ocrx_word' id='word_1_77' title='bbox 742 1241 816 1302; x_wconf 84' lang='lat' dir='ltr'><em>loris</em></span> <span class='ocrx_word' id='word_1_78' title='bbox 838 1245 976 1302; x_wconf 76' lang='lat' dir='ltr'><em>invasere</em></span> <span class='ocrx_word' id='word_1_79' title='bbox 996 1255 1145 1328; x_wconf 81' lang='lat' dir='ltr'><em>putentes.</em></span> 
     </span>
    </p>

    <p class='ocr_par' dir='ltr' id='par_1_6' title="bbox 207 1339 1307 1829">
     <span class='ocr_line' id='line_1_11' title="bbox 287 1339 1307 1427; baseline 0.006 -29"><span class='ocrx_word' id='word_1_80' title='bbox 287 1339 431 1422; x_wconf 84' lang='lat' dir='ltr'><em>precibus</em></span> <span class='ocrx_word' id='word_1_81' title='bbox 452 1344 680 1426; x_wconf 80' lang='lat' dir='ltr'><em>suppliciisque)</em></span> <span class='ocrx_word' id='word_1_82' title='bbox 735 1341 902 1427; x_wconf 76' lang='lat' dir='ltr'><em>Supplicia</em></span> <span class='ocrx_word' id='word_1_83' title='bbox 925 1363 982 1424; x_wconf 88' lang='lat' dir='ltr'><em>pro</em></span> <span class='ocrx_word' id='word_1_84' title='bbox 1015 1341 1307 1423; x_wconf 56' lang='lat' dir='ltr'><em>supplicationibus</em></span> 
     </span>
     <span class='ocr_line' id='line_1_12' title="bbox 207 1437 1305 1528; baseline 0.002 -30"><span class='ocrx_word' id='word_1_85' title='bbox 207 1437 277 1500; x_wconf 78' lang='lat' dir='ltr'><em>Liv.</em></span> <span class='ocrx_word' id='word_1_86' title='bbox 301 1439 404 1500; x_wconf 75' lang='lat' dir='ltr'><em>xxii.</em></span> <span class='ocrx_word' id='word_1_87' title='bbox 428 1442 480 1524; x_wconf 79' lang='lat'><em>57.</em></span> <span class='ocrx_word' id='word_1_88' title='bbox 501 1443 608 1526; x_wconf 84' lang='lat' dir='ltr'><em>quibus</em></span> <span class='ocrx_word' id='word_1_89' title='bbox 620 1443 768 1527; x_wconf 80' lang='lat' dir='ltr'><em>precibus</em></span> <span class='ocrx_word' id='word_1_90' title='bbox 786 1443 1003 1528; x_wconf 82' lang='lat' dir='ltr'><em>suppliciisque</em></span> <span class='ocrx_word' id='word_1_91' title='bbox 1013 1441 1086 1502; x_wconf 87' lang='lat' dir='ltr'><em>deos</em></span> <span class='ocrx_word' id='word_1_92' title='bbox 1096 1441 1220 1526; x_wconf 78' lang='lat' dir='ltr'><em>possint</em></span> <span class='ocrx_word' id='word_1_93' title='bbox 1237 1441 1305 1524; x_wconf 81' lang='lat' dir='ltr'><em>plu·</em></span> 
     </span>
     <span class='ocr_line' id='line_1_13' title="bbox 208 1539 1305 1629; baseline 0 -29"><span class='ocrx_word' id='word_1_94' title='bbox 208 1557 288 1603; x_wconf 85' lang='lat' dir='ltr'><em>eure.</em></span> <span class='ocrx_word' id='word_1_95' title='bbox 329 1539 403 1601; x_wconf 79' lang='lat' dir='ltr'><em>san.</em></span> <span class='ocrx_word' id='word_1_96' title='bbox 441 1543 510 1603; x_wconf 81' lang='lat' dir='ltr'><em>C&#39;at.</em></span> <span class='ocrx_word' id='word_1_97' title='bbox 533 1541 585 1605; x_wconf 82' lang='lat'><em>53.</em></span> <span class='ocrx_word' id='word_1_98' title='bbox 612 1565 674 1606; x_wconf 82' lang='lat' dir='ltr'><em>nou</em></span> <span class='ocrx_word' id='word_1_99' title='bbox 714 1543 798 1606; x_wconf 80' lang='lat' dir='ltr'><em>votis</em></span> <span class='ocrx_word' id='word_1_100' title='bbox 817 1563 915 1629; x_wconf 83' lang='lat' dir='ltr'><em>neque</em></span> <span class='ocrx_word' id='word_1_101' title='bbox 933 1541 1092 1627; x_wconf 81' lang='lat' dir='ltr'><em>suppliciis</em></span> <span class='ocrx_word' id='word_1_102' title='bbox 1112 1541 1305 1604; x_wconf 75' lang='lat' dir='ltr'><em>muliebribus</em></span> 
     </span>
     <span class='ocr_line' id='line_1_14' title="bbox 208 1639 1303 1727; baseline 0.005 -28"><span class='ocrx_word' id='word_1_103' title='bbox 208 1640 335 1701; x_wconf 80' lang='lat' dir='ltr'><em>auxillo</em></span> <span class='ocrx_word' id='word_1_104' title='bbox 356 1639 479 1703; x_wconf 74' lang='lat' dir='ltr'><em>desuem</em></span> <span class='ocrx_word' id='word_1_105' title='bbox 499 1657 662 1726; x_wconf 85' lang='lat' dir='ltr'><em>parantur.</em></span> <span class='ocrx_word' id='word_1_106' title='bbox 698 1645 750 1706; x_wconf 91' lang='lat' dir='ltr'><em>ubi</em></span> <span class='ocrx_word' id='word_1_107' title='bbox 774 1645 860 1727; x_wconf 88' lang='lat' dir='ltr'><em>Sept.</em></span> <span class='ocrx_word' id='word_1_108' title='bbox 882 1641 974 1706; x_wconf 82' lang='lat' dir='ltr'><em>affert</em></span> <span class='ocrx_word' id='word_1_109' title='bbox 994 1643 1141 1702; x_wconf 85' lang='lat' dir='ltr'><em>Wasseus</em></span> <span class='ocrx_word' id='word_1_110' title='bbox 1163 1643 1207 1720; x_wconf 80' lang='lat' dir='ltr'><em>(c.</em></span> <span class='ocrx_word' id='word_1_111' title='bbox 1234 1641 1303 1716; x_wconf 64' lang='lat'><em>56.)-</em></span> 
     </span>
     <span class='ocr_line' id='line_1_15' title="bbox 207 1737 783 1829; baseline 0.009 -29"><span class='ocrx_word' id='word_1_112' title='bbox 207 1737 305 1802; x_wconf 82' lang='lat' dir='ltr'><em>Plura</em></span> <span class='ocrx_word' id='word_1_113' title='bbox 329 1741 417 1802; x_wconf 88' lang='lat' dir='ltr'><em>Cort.</em></span> <span class='ocrx_word' id='word_1_114' title='bbox 440 1742 480 1804; x_wconf 83' lang='lat' dir='ltr'><em>ad</em></span> <span class='ocrx_word' id='word_1_115' title='bbox 504 1743 579 1806; x_wconf 80' lang='lat' dir='ltr'><em>Sall.</em></span> <span class='ocrx_word' id='word_1_116' title='bbox 601 1745 671 1807; x_wconf 79' lang='lat' dir='ltr'><em>Cat.</em></span> <span class='ocrx_word' id='word_1_117' title='bbox 696 1765 729 1829; x_wconf 84' lang='lat'><em>9.</em></span> <span class='ocrx_word' id='word_1_118' title='bbox 752 1765 783 1806; x_wconf 80' lang='lat'><em>2.</em></span> 
     </span>
    </p>

    <p class='ocr_par' dir='ltr' id='par_1_7' title="bbox 207 1843 1302 2230">
     <span class='ocr_line' id='line_1_16' title="bbox 293 1843 1302 1928; baseline 0 -29"><span class='ocrx_word' id='word_1_119' title='bbox 293 1861 435 1925; x_wconf 84' lang='lat' dir='ltr'><em>responso</em></span> <span class='ocrx_word' id='word_1_120' title='bbox 457 1844 568 1924; x_wconf 81' lang='lat' dir='ltr'><em>editur)</em></span> <span class='ocrx_word' id='word_1_121' title='bbox 612 1844 731 1928; x_wconf 83' lang='lat' dir='ltr'><em>Sulpic.</em></span> <span class='ocrx_word' id='word_1_122' title='bbox 767 1845 808 1906; x_wconf 90' lang='lat' dir='ltr'><em>H.</em></span> <span class='ocrx_word' id='word_1_123' title='bbox 830 1843 861 1911; x_wconf 90' lang='lat' dir='ltr'><em>S.</em></span> <span class='ocrx_word' id='word_1_124' title='bbox 886 1845 911 1905; x_wconf 92' lang='grc'><em>1.</em></span> <span class='ocrx_word' id='word_1_125' title='bbox 936 1843 968 1905; x_wconf 84' lang='grc'><em>8.</em></span> <span class='ocrx_word' id='word_1_126' title='bbox 996 1865 1021 1908; x_wconf 90' lang='grc'><em>1.</em></span> <span class='ocrx_word' id='word_1_127' title='bbox 1051 1843 1232 1925; x_wconf 83' lang='lat' dir='ltr'><em>dictumque</em></span> <span class='ocrx_word' id='word_1_128' title='bbox 1260 1860 1302 1900; x_wconf 80' lang='lat' dir='ltr'><em>u-</em></span> 
     </span>
     <span class='ocr_line' id='line_1_17' title="bbox 207 1940 1302 2028; baseline -0.003 -26"><span class='ocrx_word' id='word_1_129' title='bbox 207 1959 319 2025; x_wconf 85' lang='lat' dir='ltr'><em>spouso</em></span> <span class='ocrx_word' id='word_1_130' title='bbox 340 1940 465 2004; x_wconf 86' lang='lat' dir='ltr'><em>domini</em></span> <span class='ocrx_word' id='word_1_131' title='bbox 487 1957 551 2021; x_wconf 86' lang='lat' dir='ltr'><em>est,</em></span> <span class='ocrx_word' id='word_1_132' title='bbox 578 1943 658 2008; x_wconf 86' lang='lat' dir='ltr'><em>duos</em></span> <span class='ocrx_word' id='word_1_133' title='bbox 689 1948 723 2006; x_wconf 86' lang='lat' dir='ltr'><em>in</em></span> <span class='ocrx_word' id='word_1_134' title='bbox 743 1947 791 2005; x_wconf 72' lang='lat' dir='ltr'><em>liis</em></span> <span class='ocrx_word' id='word_1_135' title='bbox 808 1943 941 2028; x_wconf 85' lang='lat' dir='ltr'><em>populos</em></span> <span class='ocrx_word' id='word_1_136' title='bbox 960 1943 1202 2026; x_wconf 81' lang='lat' dir='ltr'><em>praenuntiari.</em></span> <span class='ocrx_word' id='word_1_137' title='bbox 1210 1943 1302 2020; x_wconf 85' lang='lat' dir='ltr'><em>Wop-</em></span> 
     </span>
     <span class='ocr_line' id='line_1_18' title="bbox 208 2038 1301 2126; baseline -0.003 -26"><span class='ocrx_word' id='word_1_138' title='bbox 208 2038 296 2102; x_wconf 81' lang='lat' dir='ltr'><em>kens.</em></span> <span class='ocrx_word' id='word_1_139' title='bbox 318 2064 349 2126; x_wconf 88' lang='lat' dir='ltr'><em>p.</em></span> <span class='ocrx_word' id='word_1_140' title='bbox 365 2063 431 2104; x_wconf 79' lang='grc' dir='ltr'><strong>ιω.</strong></span> <span class='ocrx_word' id='word_1_141' title='bbox 447 2043 536 2106; x_wconf 78' lang='lat' dir='ltr'><em>offert</em></span> <span class='ocrx_word' id='word_1_142' title='bbox 548 2045 612 2107; x_wconf 88' lang='lat' dir='ltr'><em>Cic.</em></span> <span class='ocrx_word' id='word_1_143' title='bbox 629 2045 736 2107; x_wconf 88' lang='lat' dir='ltr'><em>Divin.</em></span> <span class='ocrx_word' id='word_1_144' title='bbox 751 2047 776 2105; x_wconf 95' lang='grc'><em>1.</em></span> <span class='ocrx_word' id='word_1_145' title='bbox 790 2065 844 2105; x_wconf 81' lang='lat'><em>21.</em></span> <span class='ocrx_word' id='word_1_146' title='bbox 864 2043 916 2104; x_wconf 81' lang='lat' dir='ltr'><em>lli</em></span> <span class='ocrx_word' id='word_1_147' title='bbox 928 2065 972 2106; x_wconf 79' lang='lat' dir='ltr'><em>er</em></span> <span class='ocrx_word' id='word_1_148' title='bbox 985 2043 1107 2104; x_wconf 85' lang='lat' dir='ltr'><em>oraculo</em></span> <span class='ocrx_word' id='word_1_149' title='bbox 1117 2043 1301 2103; x_wconf 80' lang='lat' dir='ltr'><em>vocedioiuu</em></span> 
     </span>
     <span class='ocr_line' id='line_1_19' title="bbox 211 2138 1302 2230; baseline -0.003 -27"><span class='ocrx_word' id='word_1_150' title='bbox 211 2141 310 2203; x_wconf 79' lang='lat' dir='ltr'><em>edidit</em></span> <span class='ocrx_word' id='word_1_151' title='bbox 329 2141 465 2228; x_wconf 86' lang='lat' dir='ltr'><em>Apollo,</em></span> <span class='ocrx_word' id='word_1_152' title='bbox 486 2167 615 2230; x_wconf 88' lang='lat' dir='ltr'><em>puerum</em></span> <span class='ocrx_word' id='word_1_153' title='bbox 638 2154 698 2206; x_wconf 81' lang='lat' dir='ltr'><em>cot.</em></span> <span class='ocrx_word' id='word_1_154' title='bbox 721 2153 754 2206; x_wconf 81' lang='lat' dir='ltr'><em>ct</em></span> <span class='ocrx_word' id='word_1_155' title='bbox 774 2143 814 2205; x_wconf 84' lang='lat' dir='ltr'><em>ad</em></span> <span class='ocrx_word' id='word_1_156' title='bbox 834 2143 917 2204; x_wconf 90' lang='lat' dir='ltr'><em>hunc</em></span> <span class='ocrx_word' id='word_1_157' title='bbox 931 2143 1086 2204; x_wconf 79' lang='lat' dir='ltr'><em>Ciceronis</em></span> <span class='ocrx_word' id='word_1_158' title='bbox 1108 2143 1167 2205; x_wconf 85' lang='lat' dir='ltr'><em>loc.</em></span> <span class='ocrx_word' id='word_1_159' title='bbox 1190 2138 1302 2204; x_wconf 77' lang='lat' dir='ltr'><em>similia.</em></span> 
     </span>
    </p>

    <p class='ocr_par' dir='ltr' id='par_1_8' title="bbox 208 2235 1300 2728">
     <span class='ocr_line' id='line_1_20' title="bbox 289 2235 1300 2328; baseline -0.005 -24"><span class='ocrx_word' id='word_1_160' title='bbox 289 2257 441 2326; x_wconf 69' lang='lat' dir='ltr'><em>prouentu</em></span> <span class='ocrx_word' id='word_1_161' title='bbox 455 2243 605 2328; x_wconf 74' lang='lat' dir='ltr'><em>frugum)</em></span> <span class='ocrx_word' id='word_1_162' title='bbox 658 2242 753 2328; x_wconf 79' lang='lat' dir='ltr'><em>Apul.</em></span> <span class='ocrx_word' id='word_1_163' title='bbox 776 2243 899 2305; x_wconf 84' lang='lat' dir='ltr'><em>Florid.</em></span> <span class='ocrx_word' id='word_1_164' title='bbox 932 2266 962 2326; x_wconf 92' lang='lat' dir='ltr'><em>p.</em></span> <span class='ocrx_word' id='word_1_165' title='bbox 984 2245 1035 2306; x_wconf 85' lang='lat'><em>50.</em></span> <span class='ocrx_word' id='word_1_166' title='bbox 1060 2243 1190 2304; x_wconf 86' lang='lat' dir='ltr'><em>Ruratio</em></span> <span class='ocrx_word' id='word_1_167' title='bbox 1212 2235 1300 2302; x_wconf 73' lang='lat' dir='ltr'><em>onmis·</em></span> 
     </span>
     <span class='ocr_line' id='line_1_21' title="bbox 209 2340 1300 2430; baseline -0.01 -28"><span class='ocrx_word' id='word_1_168' title='bbox 209 2341 245 2402; x_wconf 87' lang='lat' dir='ltr'><em>iu</em></span> <span class='ocrx_word' id='word_1_169' title='bbox 265 2344 385 2406; x_wconf 84' lang='lat' dir='ltr'><em>sarculo</em></span> <span class='ocrx_word' id='word_1_170' title='bbox 406 2359 435 2404; x_wconf 86' lang='lat' dir='ltr'><em>et</em></span> <span class='ocrx_word' id='word_1_171' title='bbox 453 2349 595 2409; x_wconf 89' lang='lat' dir='ltr'><em>surculo:</em></span> <span class='ocrx_word' id='word_1_172' title='bbox 625 2367 752 2430; x_wconf 79' lang='lat' dir='ltr'><em>quorruu</em></span> <span class='ocrx_word' id='word_1_173' title='bbox 780 2353 934 2429; x_wconf 81' lang='lat' dir='ltr'><em>proventu</em></span> <span class='ocrx_word' id='word_1_174' title='bbox 949 2417 954 2429; x_wconf 23' lang='grc' dir='ltr'>ἱ</span> <span class='ocrx_word' id='word_1_175' title='bbox 967 2343 1240 2425; x_wconf 77' lang='lat' dir='ltr'><em>mugissructuosu</em></span> <span class='ocrx_word' id='word_1_176' title='bbox 1259 2340 1300 2394; x_wconf 82' lang='lat' dir='ltr'><em>iu·</em></span> 
     </span>
     <span class='ocr_line' id='line_1_22' title="bbox 208 2443 1298 2530; baseline -0.008 -26"><span class='ocrx_word' id='word_1_177' title='bbox 208 2444 279 2506; x_wconf 84' lang='lat' dir='ltr'><em>sula</em></span> <span class='ocrx_word' id='word_1_178' title='bbox 298 2457 351 2523; x_wconf 85' lang='lat' dir='ltr'><em>est,</em></span> <span class='ocrx_word' id='word_1_179' title='bbox 373 2465 466 2530; x_wconf 84' lang='lat' dir='ltr'><em>quom</em></span> <span class='ocrx_word' id='word_1_180' title='bbox 481 2444 652 2529; x_wconf 68' lang='lat' dir='ltr'><em>firtgiseru.</em></span> <span class='ocrx_word' id='word_1_181' title='bbox 688 2447 863 2506; x_wconf 86' lang='lat' dir='ltr'><em>Proveutus</em></span> <span class='ocrx_word' id='word_1_182' title='bbox 877 2443 1028 2526; x_wconf 76' lang='lat' dir='ltr'><em>significat</em></span> <span class='ocrx_word' id='word_1_183' title='bbox 1052 2461 1225 2502; x_wconf 73' lang='lat' dir='ltr'><em>successum</em></span> <span class='ocrx_word' id='word_1_184' title='bbox 1246 2455 1298 2495; x_wconf 85' lang='lat' dir='ltr'><em>nou</em></span> 
     </span>
     <span class='ocr_line' id='line_1_23' title="bbox 211 2540 1297 2628; baseline -0.007 -24"><span class='ocrx_word' id='word_1_185' title='bbox 211 2543 331 2620; x_wconf 86' lang='lat' dir='ltr'><em>minus,</em></span> <span class='ocrx_word' id='word_1_186' title='bbox 354 2567 447 2628; x_wconf 85' lang='lat' dir='ltr'><em>quam</em></span> <span class='ocrx_word' id='word_1_187' title='bbox 474 2547 606 2608; x_wconf 87' lang='lat' dir='ltr'><em>uberem</em></span> <span class='ocrx_word' id='word_1_188' title='bbox 641 2555 674 2608; x_wconf 80' lang='lat' dir='ltr'><em>et</em></span> <span class='ocrx_word' id='word_1_189' title='bbox 693 2543 933 2627; x_wconf 84' lang='lat' dir='ltr'><em>locupletiorem</em></span> <span class='ocrx_word' id='word_1_190' title='bbox 965 2541 1100 2605; x_wconf 86' lang='lat' dir='ltr'><em>reditum</em></span> <span class='ocrx_word' id='word_1_191' title='bbox 1128 2540 1297 2604; x_wconf 77' lang='lat' dir='ltr'><em>fructuum,</em></span> 
     </span>
     <span class='ocr_line' id='line_1_24' title="bbox 210 2639 1098 2728; baseline 0.003 -23"><span class='ocrx_word' id='word_1_192' title='bbox 210 2641 256 2706; x_wconf 78' lang='lat' dir='ltr'><em>aii</em></span> <span class='ocrx_word' id='word_1_193' title='bbox 275 2645 423 2708; x_wconf 88' lang='lat' dir='ltr'><em>Oudend.</em></span> <span class='ocrx_word' id='word_1_194' title='bbox 454 2647 494 2708; x_wconf 81' lang='lat' dir='ltr'><em>ad</em></span> <span class='ocrx_word' id='word_1_195' title='bbox 514 2649 642 2709; x_wconf 85' lang='lat' dir='ltr'><em>Sueton.</em></span> <span class='ocrx_word' id='word_1_196' title='bbox 665 2645 759 2728; x_wconf 90' lang='lat' dir='ltr'><em>Vesp.</em></span> <span class='ocrx_word' id='word_1_197' title='bbox 784 2645 814 2706; x_wconf 79' lang='lat'><em>5.</em></span> <span class='ocrx_word' id='word_1_198' title='bbox 839 2667 870 2726; x_wconf 90' lang='lat' dir='ltr'><em>p.</em></span> <span class='ocrx_word' id='word_1_199' title='bbox 894 2639 966 2727; x_wconf 74' lang='lat'><em>857.</em></span> <span class='ocrx_word' id='word_1_200' title='bbox 1092 2693 1098 2708; x_wconf 94' lang='lat'><em>.</em></span> 
     </span>
    </p>

    <p class='ocr_par' dir='ltr' id='par_1_9' title="bbox 210 2737 1300 3029">
     <span class='ocr_line' id='line_1_25' title="bbox 296 2737 1300 2832; baseline -0.007 -24"><span class='ocrx_word' id='word_1_201' title='bbox 296 2745 339 2809; x_wconf 83' lang='lat' dir='ltr'><em>ab</em></span> <span class='ocrx_word' id='word_1_202' title='bbox 360 2747 424 2822; x_wconf 87' lang='lat' dir='ltr'><em>lu&#39;s,</em></span> <span class='ocrx_word' id='word_1_203' title='bbox 463 2749 517 2831; x_wconf 87' lang='lat' dir='ltr'><em>qui</em></span> <span class='ocrx_word' id='word_1_204' title='bbox 535 2769 587 2832; x_wconf 88' lang='lat' dir='ltr'><em>up.</em></span> <span class='ocrx_word' id='word_1_205' title='bbox 609 2747 746 2832; x_wconf 81' lang='lat' dir='ltr'><em>Delphos</em></span> <span class='ocrx_word' id='word_1_206' title='bbox 768 2746 866 2822; x_wconf 83' lang='lat' dir='ltr'><em>eraut)</em></span> <span class='ocrx_word' id='word_1_207' title='bbox 916 2747 937 2803; x_wconf 88' lang='lat' dir='ltr'><em>i.</em></span> <span class='ocrx_word' id='word_1_208' title='bbox 961 2763 989 2805; x_wconf 92' lang='lat' dir='ltr'><em>c.</em></span> <span class='ocrx_word' id='word_1_209' title='bbox 1010 2766 1028 2805; x_wconf 81' lang='lat' dir='ltr'>a</span> <span class='ocrx_word' id='word_1_210' title='bbox 1046 2739 1238 2825; x_wconf 82' lang='lat' dir='ltr'><em>Delphorum</em></span> <span class='ocrx_word' id='word_1_211' title='bbox 1259 2737 1300 2796; x_wconf 84' lang='lat' dir='ltr'><em>in·</em></span> 
     </span>
     <span class='ocr_line' id='line_1_26' title="bbox 211 2842 1296 2931; baseline -0.004 -25"><span class='ocrx_word' id='word_1_212' title='bbox 211 2842 309 2927; x_wconf 84' lang='lat' dir='ltr'><em>colis;</em></span> <span class='ocrx_word' id='word_1_213' title='bbox 331 2857 366 2907; x_wconf 88' lang='lat' dir='ltr'><em>nt</em></span> <span class='ocrx_word' id='word_1_214' title='bbox 384 2847 485 2908; x_wconf 84' lang='lat' dir='ltr'><em>Dares</em></span> <span class='ocrx_word' id='word_1_215' title='bbox 509 2869 537 2908; x_wconf 90' lang='lat' dir='ltr'><em>c.</em></span> <span class='ocrx_word' id='word_1_216' title='bbox 560 2869 593 2931; x_wconf 86' lang='grc'><em>9.</em></span> <span class='ocrx_word' id='word_1_217' title='bbox 622 2846 690 2920; x_wconf 85' lang='lat' dir='ltr'><em>Hi,</em></span> <span class='ocrx_word' id='word_1_218' title='bbox 711 2847 768 2930; x_wconf 80' lang='lat' dir='ltr'><em>qui</em></span> <span class='ocrx_word' id='word_1_219' title='bbox 792 2846 826 2907; x_wconf 86' lang='lat' dir='ltr'><em>iu</em></span> <span class='ocrx_word' id='word_1_220' title='bbox 847 2844 955 2906; x_wconf 83' lang='lat' dir='ltr'><em>insula</em></span> <span class='ocrx_word' id='word_1_221' title='bbox 974 2858 1081 2918; x_wconf 83' lang='lat' dir='ltr'><em>eruut,</em></span> <span class='ocrx_word' id='word_1_222' title='bbox 1105 2842 1296 2904; x_wconf 65' lang='lat' dir='ltr'><em>mirabamur·</em></span> 
     </span>
     <span class='ocr_line' id='line_1_27' title="bbox 210 2945 813 3029; baseline 0.003 -23"><span class='ocrx_word' id='word_1_223' title='bbox 210 2945 379 3010; x_wconf 79' lang='lat' dir='ltr'><em>Womuus.</em></span> <span class='ocrx_word' id='word_1_224' title='bbox 402 2969 434 3029; x_wconf 89' lang='lat' dir='ltr'><em>p.</em></span> <span class='ocrx_word' id='word_1_225' title='bbox 462 2968 528 3010; x_wconf 79' lang='lat'><em>102.</em></span> <span class='ocrx_word' id='word_1_226' title='bbox 573 2947 676 3009; x_wconf 79' lang='lat' dir='ltr'><em>etad</em></span> <span class='ocrx_word' id='word_1_227' title='bbox 699 2948 738 3013; x_wconf 85' lang='grc'><em>11.</em></span> <span class='ocrx_word' id='word_1_228' title='bbox 762 2947 813 3014; x_wconf 79' lang='lat'><em>26.</em></span> 
     </span>
    </p>

    <p class='ocr_par' dir='ltr' id='par_1_10' title="bbox 211 3043 1298 3433">
     <span class='ocr_line' id='line_1_28' title="bbox 297 3043 1298 3126; baseline -0.006 -20"><span class='ocrx_word' id='word_1_229' title='bbox 297 3049 465 3110; x_wconf 75' lang='lat' dir='ltr'><em>contemtui</em></span> <span class='ocrx_word' id='word_1_230' title='bbox 498 3049 649 3126; x_wconf 77' lang='lat' dir='ltr'><em>hahentes)</em></span> <span class='ocrx_word' id='word_1_231' title='bbox 701 3047 804 3108; x_wconf 84' lang='lat' dir='ltr'><em>intell.</em></span> <span class='ocrx_word' id='word_1_232' title='bbox 840 3047 935 3108; x_wconf 84' lang='lat' dir='ltr'><em>verim</em></span> <span class='ocrx_word' id='word_1_233' title='bbox 963 3043 1167 3126; x_wconf 76' lang='lat' dir='ltr'><em>Delphorum.</em></span> <span class='ocrx_word' id='word_1_234' title='bbox 1223 3043 1298 3100; x_wconf 68' lang='lat' dir='ltr'><em>Dura</em></span> 
     </span>
     <span class='ocr_line' id='line_1_29' title="bbox 214 3137 1298 3229; baseline -0.002 -25"><span class='ocrx_word' id='word_1_235' title='bbox 214 3142 341 3225; x_wconf 77' lang='lat' dir='ltr'><em>ellipsis.</em></span> <span class='ocrx_word' id='word_1_236' title='bbox 365 3145 494 3227; x_wconf 82' lang='lat' dir='ltr'><em>Optima</em></span> <span class='ocrx_word' id='word_1_237' title='bbox 516 3158 626 3208; x_wconf 83' lang='lat' dir='ltr'><em>contra</em></span> <span class='ocrx_word' id='word_1_238' title='bbox 647 3147 781 3229; x_wconf 81' lang='lat' dir='ltr'><em>imagine</em></span> <span class='ocrx_word' id='word_1_239' title='bbox 812 3147 892 3206; x_wconf 81' lang='lat' dir='ltr'><em>inira</em></span> <span class='ocrx_word' id='word_1_240' title='bbox 915 3144 1053 3218; x_wconf 85' lang='lat' dir='ltr'><em>dicitur,</em></span> <span class='ocrx_word' id='word_1_241' title='bbox 1083 3165 1145 3204; x_wconf 79' lang='lat' dir='ltr'><em>uun</em></span> <span class='ocrx_word' id='word_1_242' title='bbox 1169 3163 1238 3202; x_wconf 85' lang='lat' dir='ltr'><em>cum</em></span> <span class='ocrx_word' id='word_1_243' title='bbox 1259 3137 1298 3194; x_wconf 76' lang='lat' dir='ltr'><em>in·</em></span> 
     </span>
     <span class='ocr_line' id='line_1_30' title="bbox 215 3236 1295 3327; baseline -0.004 -23"><span class='ocrx_word' id='word_1_244' title='bbox 215 3241 314 3304; x_wconf 76' lang='lat' dir='ltr'><em>toritu</em></span> <span class='ocrx_word' id='word_1_245' title='bbox 336 3236 550 3327; x_wconf 75' lang='lat' dir='ltr'><em>Lycophronis</em></span> <span class='ocrx_word' id='word_1_246' title='bbox 572 3257 603 3308; x_wconf 89' lang='lat' dir='ltr'><em>et</em></span> <span class='ocrx_word' id='word_1_247' title='bbox 622 3246 728 3324; x_wconf 69' lang='lat' dir='ltr'><em>isaei,</em></span> <span class='ocrx_word' id='word_1_248' title='bbox 751 3245 854 3307; x_wconf 85' lang='lat' dir='ltr'><em>medio</em></span> <span class='ocrx_word' id='word_1_249' title='bbox 877 3245 957 3308; x_wconf 84' lang='lat' dir='ltr'><em>mari</em></span> <span class='ocrx_word' id='word_1_250' title='bbox 978 3243 1194 3326; x_wconf 85' lang='lat' dir='ltr'><em>perditorum,</em></span> <span class='ocrx_word' id='word_1_251' title='bbox 1217 3240 1295 3302; x_wconf 74' lang='lat' dir='ltr'><em>eiiam</em></span> 
     </span>
     <span class='ocr_line' id='line_1_31' title="bbox 211 3341 792 3433; baseline -0.002 -27"><span class='ocrx_word' id='word_1_252' title='bbox 211 3341 278 3406; x_wconf 81' lang='lat' dir='ltr'><em>vim</em></span> <span class='ocrx_word' id='word_1_253' title='bbox 300 3341 371 3405; x_wconf 80' lang='lat' dir='ltr'><em>mali</em></span> <span class='ocrx_word' id='word_1_254' title='bbox 392 3343 480 3407; x_wconf 84' lang='lat' dir='ltr'><em>volnt</em></span> <span class='ocrx_word' id='word_1_255' title='bbox 502 3347 579 3407; x_wconf 81' lang='lat' dir='ltr'><em>mari</em></span> <span class='ocrx_word' id='word_1_256' title='bbox 603 3349 792 3433; x_wconf 73' lang='lat' dir='ltr'><em>immersam.</em></span> 
     </span>
    </p>

    <p class='ocr_par' dir='ltr' id='par_1_11' title="bbox 197 3437 1360 4139">
     <span class='ocr_line' id='line_1_32' title="bbox 297 3437 1360 3532; baseline -0.01 -24"><span class='ocrx_word' id='word_1_257' title='bbox 297 3443 372 3508; x_wconf 82' lang='lat' dir='ltr'><em>XH‘.</em></span> <span class='ocrx_word' id='word_1_258' title='bbox 415 3447 552 3532; x_wconf 79' lang='lat' dir='ltr'><em>reliquus</em></span> <span class='ocrx_word' id='word_1_259' title='bbox 575 3449 639 3507; x_wconf 87' lang='lat' dir='ltr'><em>ium</em></span> <span class='ocrx_word' id='word_1_260' title='bbox 650 3443 807 3529; x_wconf 81' lang='lat' dir='ltr'><em>filiorum</em></span> <span class='ocrx_word' id='word_1_261' title='bbox 829 3479 868 3494; x_wconf 83' lang='lat'>-</span> <span class='ocrx_word' id='word_1_262' title='bbox 889 3445 1089 3528; x_wconf 74' lang='lat' dir='ltr'><em>superfuerat)</em></span> <span class='ocrx_word' id='word_1_263' title='bbox 1132 3441 1180 3502; x_wconf 88' lang='lat' dir='ltr'><em>Cs.</em></span> <span class='ocrx_word' id='word_1_264' title='bbox 1210 3437 1296 3500; x_wconf 66' lang='lat' dir='ltr'><em>Plani.</em></span> <span class='ocrx_word' id='word_1_265' title='bbox 1359 3481 1360 3486; x_wconf 19' lang='grc' dir='ltr'><strong>κ</strong></span> 
     </span>
     <span class='ocr_line' id='line_1_33' title="bbox 213 3541 1296 3632; baseline -0.017 -25"><span class='ocrx_word' id='word_1_266' title='bbox 213 3543 307 3606; x_wconf 86' lang='lat' dir='ltr'><em>Trin.</em></span> <span class='ocrx_word' id='word_1_267' title='bbox 331 3566 360 3610; x_wconf 84' lang='lat'><em>2.</em></span> <span class='ocrx_word' id='word_1_268' title='bbox 386 3545 418 3626; x_wconf 76' lang='grc'><em>4.</em></span> <span class='ocrx_word' id='word_1_269' title='bbox 446 3569 512 3632; x_wconf 82' lang='grc'><strong>109.</strong></span> <span class='ocrx_word' id='word_1_270' title='bbox 534 3567 608 3609; x_wconf 85' lang='lat' dir='ltr'><em>uam</em></span> <span class='ocrx_word' id='word_1_271' title='bbox 630 3549 656 3607; x_wconf 88' lang='lat' dir='ltr'><em>is</em></span> <span class='ocrx_word' id='word_1_272' title='bbox 683 3549 738 3624; x_wconf 81' lang='lat' dir='ltr'><em>(sc.</em></span> <span class='ocrx_word' id='word_1_273' title='bbox 760 3549 841 3629; x_wconf 79' lang='lat' dir='ltr'><em>ager)</em></span> <span class='ocrx_word' id='word_1_274' title='bbox 863 3547 902 3604; x_wconf 73' lang='lat' dir='ltr'><em>tle</em></span> <span class='ocrx_word' id='word_1_275' title='bbox 923 3541 1056 3603; x_wconf 84' lang='lat' dir='ltr'><em>stultitia</em></span> <span class='ocrx_word' id='word_1_276' title='bbox 1076 3561 1145 3601; x_wconf 82' lang='lat' dir='ltr'><em>meu</em></span> <span class='ocrx_word' id='word_1_277' title='bbox 1165 3541 1240 3600; x_wconf 84' lang='lat' dir='ltr'><em>solus</em></span> <span class='ocrx_word' id='word_1_278' title='bbox 1257 3555 1296 3592; x_wconf 81' lang='lat' dir='ltr'><em>su-</em></span> 
     </span>
     <span class='ocr_line' id='line_1_34' title="bbox 206 3641 1294 3731; baseline -0.008 -26"><span class='ocrx_word' id='word_1_279' title='bbox 206 3644 306 3731; x_wconf 84' lang='lat' dir='ltr'><em>perfit</em></span> <span class='ocrx_word' id='word_1_280' title='bbox 322 3662 444 3730; x_wconf 81' lang='lat' dir='ltr'><em>praeter</em></span> <span class='ocrx_word' id='word_1_281' title='bbox 475 3652 573 3710; x_wconf 86' lang='lat' dir='ltr'><em>vitam</em></span> <span class='ocrx_word' id='word_1_282' title='bbox 593 3649 740 3728; x_wconf 84' lang='lat' dir='ltr'><em>reliquus.</em></span> <span class='ocrx_word' id='word_1_283' title='bbox 798 3643 963 3728; x_wconf 78' lang='lat' dir='ltr'><em>liegesipp.</em></span> <span class='ocrx_word' id='word_1_284' title='bbox 991 3645 1017 3706; x_wconf 88' lang='lat'><em>1.</em></span> <span class='ocrx_word' id='word_1_285' title='bbox 1037 3665 1069 3727; x_wconf 84' lang='lat'><em>9.</em></span> <span class='ocrx_word' id='word_1_286' title='bbox 1108 3641 1247 3702; x_wconf 75' lang='lat' dir='ltr'><em>Fratrem</em></span> <span class='ocrx_word' id='word_1_287' title='bbox 1265 3663 1294 3678; x_wconf 89' lang='lat'><em>··</em></span> 
     </span>
     <span class='ocr_line' id='line_1_35' title="bbox 218 3744 1296 3835; baseline -0.017 -23"><span class='ocrx_word' id='word_1_288' title='bbox 218 3751 382 3813; x_wconf 74' lang='lat' dir='ltr'><em>mtercruit.</em></span> <span class='ocrx_word' id='word_1_289' title='bbox 423 3749 604 3835; x_wconf 82' lang='lat' dir='ltr'><em>Reliquum,</em></span> <span class='ocrx_word' id='word_1_290' title='bbox 626 3751 680 3833; x_wconf 84' lang='lat' dir='ltr'><em>qui</em></span> <span class='ocrx_word' id='word_1_291' title='bbox 698 3759 851 3832; x_wconf 82' lang='lat' dir='ltr'><em>supererat</em></span> <span class='ocrx_word' id='word_1_292' title='bbox 874 3765 916 3806; x_wconf 82' lang='lat' dir='ltr'><em>erc</em></span> <span class='ocrx_word' id='word_1_293' title='bbox 924 3744 1087 3824; x_wconf 82' lang='lat' dir='ltr'><em>frutribus</em></span> <span class='ocrx_word' id='word_1_294' title='bbox 1110 3773 1149 3786; x_wconf 93' lang='lat'><em>-</em></span> <span class='ocrx_word' id='word_1_295' title='bbox 1170 3751 1296 3800; x_wconf 77' lang='lat' dir='ltr'><em>reserua-</em></span> 
     </span>
     <span class='ocr_line' id='line_1_36' title="bbox 215 3839 1296 3935; baseline -0.014 -22"><span class='ocrx_word' id='word_1_296' title='bbox 215 3851 267 3912; x_wconf 88' lang='lat' dir='ltr'><em>vit.</em></span> <span class='ocrx_word' id='word_1_297' title='bbox 311 3851 406 3912; x_wconf 86' lang='lat' dir='ltr'><em>Oros.</em></span> <span class='ocrx_word' id='word_1_298' title='bbox 430 3851 472 3912; x_wconf 92' lang='lat' dir='ltr'><em>V.</em></span> <span class='ocrx_word' id='word_1_299' title='bbox 497 3851 548 3916; x_wconf 81' lang='lat'><em>23.</em></span> <span class='ocrx_word' id='word_1_300' title='bbox 569 3849 717 3935; x_wconf 69' lang='lat' dir='ltr'><em>reliquum</em></span> <span class='ocrx_word' id='word_1_301' title='bbox 737 3866 847 3928; x_wconf 75' lang='lat' dir='ltr'><em>ogrrreu</em></span> <span class='ocrx_word' id='word_1_302' title='bbox 868 3879 910 3894; x_wconf 90' lang='lat'><em>··-</em></span> <span class='ocrx_word' id='word_1_303' title='bbox 938 3844 1023 3929; x_wconf 85' lang='lat' dir='ltr'><em>quod</em></span> <span class='ocrx_word' id='word_1_304' title='bbox 1042 3839 1188 3903; x_wconf 80' lang='lat' dir='ltr'><em>caedibus</em></span> <span class='ocrx_word' id='word_1_305' title='bbox 1206 3851 1296 3916; x_wconf 72' lang='lat' dir='ltr'><em>super·</em></span> 
     </span>
     <span class='ocr_line' id='line_1_37' title="bbox 197 3938 1294 4040; baseline -0.013 -30"><span class='ocrx_word' id='word_1_306' title='bbox 197 3953 323 4030; x_wconf 73' lang='lat' dir='ltr'><em>ficerat.</em></span> <span class='ocrx_word' id='word_1_307' title='bbox 367 3951 518 4013; x_wconf 79' lang='lat' dir='ltr'><em>Filiorum</em></span> <span class='ocrx_word' id='word_1_308' title='bbox 540 3949 703 4013; x_wconf 83' lang='lat' dir='ltr'><em>Genitivns</em></span> <span class='ocrx_word' id='word_1_309' title='bbox 726 3949 865 4009; x_wconf 81' lang='lat' dir='ltr'><em>Graccus</em></span> <span class='ocrx_word' id='word_1_310' title='bbox 896 3953 962 4022; x_wconf 86' lang='lat' dir='ltr'><em>ost,</em></span> <span class='ocrx_word' id='word_1_311' title='bbox 985 3940 1092 4026; x_wconf 79' lang='lat' dir='ltr'><em>quales</em></span> <span class='ocrx_word' id='word_1_312' title='bbox 1115 3938 1294 4040; x_wconf 60' lang='grc' dir='ltr'><strong>11110111νί111ῑῖ5</strong></span> 
     </span>
     <span class='ocr_line' id='line_1_38' title="bbox 211 4037 1294 4139; baseline -0.014 -27"><span class='ocrx_word' id='word_1_313' title='bbox 211 4053 252 4113; x_wconf 79' lang='lat' dir='ltr'><em>ad</em></span> <span class='ocrx_word' id='word_1_314' title='bbox 274 4050 328 4139; x_wconf 75' lang='lat' dir='ltr'><em>lib.</em></span> <span class='ocrx_word' id='word_1_315' title='bbox 353 4055 379 4114; x_wconf 92' lang='grc'><em>1.</em></span> <span class='ocrx_word' id='word_1_316' title='bbox 402 4051 443 4132; x_wconf 82' lang='grc'><em>6;</em></span> <span class='ocrx_word' id='word_1_317' title='bbox 466 4049 513 4114; x_wconf 82' lang='lat' dir='ltr'><em>vel</em></span> <span class='ocrx_word' id='word_1_318' title='bbox 527 4050 689 4116; x_wconf 82' lang='lat' dir='ltr'><em>Genitivus</em></span> <span class='ocrx_word' id='word_1_319' title='bbox 712 4047 847 4134; x_wconf 82' lang='lat' dir='ltr'><em>pendeus</em></span> <span class='ocrx_word' id='word_1_320' title='bbox 882 4067 899 4108; x_wconf 85' lang='grc'><em>11</em></span> <span class='ocrx_word' id='word_1_321' title='bbox 919 4045 1066 4126; x_wconf 82' lang='lat' dir='ltr'><em>reliquus,</em></span> <span class='ocrx_word' id='word_1_322' title='bbox 1106 4051 1141 4102; x_wconf 85' lang='lat' dir='ltr'><em>ut</em></span> <span class='ocrx_word' id='word_1_323' title='bbox 1162 4038 1214 4102; x_wconf 86' lang='lat' dir='ltr'><em>lib.</em></span> <span class='ocrx_word' id='word_1_324' title='bbox 1239 4037 1260 4096; x_wconf 91' lang='lat'><em>1.</em></span> <span class='ocrx_word' id='word_1_325' title='bbox 1273 4045 1294 4088; x_wconf 65' lang='lat' dir='ltr'><em>v·</em></span> 
     </span>
    </p>
   </div>
   <div class='ocr_carea' id='block_1_3' title="bbox 213 4147 512 4240">
    <p class='ocr_par' dir='ltr' id='par_1_12' title="bbox 213 4147 512 4240">
     <span class='ocr_line' id='line_1_39' title="bbox 213 4147 512 4240; baseline -0.007 -20"><span class='ocrx_word' id='word_1_326' title='bbox 213 4147 344 4238; x_wconf 70' lang='lat' dir='ltr'><em>rsliqeuts</em></span> <span class='ocrx_word' id='word_1_327' title='bbox 364 4155 512 4240; x_wconf 80' lang='lat' dir='ltr'><em>praeclue.</em></span> 
     </span>
    </p>
   </div>
   <div class='ocr_carea' id='block_1_4' title="bbox 0 0 1412 4686">
    <p class='ocr_par' dir='ltr' id='par_1_13' title="bbox 0 0 1412 4686">
     <span class='ocr_line' id='line_1_40' title="bbox 0 0 1412 4686; baseline 0 0"><span class='ocrx_word' id='word_1_328' title='bbox 0 0 1412 4686; x_wconf 95' lang='lat' dir='ltr'><em> </em></span> 
     </span>
    </p>
   </div>
  </div>
 </body>
</html>
