2782 4700
242 343 314 416 tus
620 347 745 414 uictus
769 357 948 416 cunutus

337 555 388 632 V.
436 557 545 631 inter
568 577 669 651 quae
693 567 851 660 repento
868 550 1053 657 strepitus
1069 575 1115 630 ex
1134 555 1315 658 Pergamo,

236 671 308 750 ubi
332 669 437 776 regia
461 671 616 748 Priamo
639 688 741 762 erat,
773 671 996 776 clamorque
1020 670 1155 774 ingens
1186 671 1314 748 editur.

237 795 393 891 Quare
419 789 586 880 turbati,
619 789 689 892 qui
715 789 759 866 in
783 789 944 867 consilio
968 808 1090 883 crant,
1114 791 1215 868 foras
1239 816 1315 896 pro-

236 911 392 996 siliunt,
427 904 623 982 credentes
657 905 813 984 insidias
840 925 1001 986 tentatas
1025 908 1185 985 solitos
1218 933 1315 1011 regu·

237 1028 305 1102 list
339 1025 470 1128 itaque
505 1025 549 1100 in
572 1025 762 1130 templum
786 1025 982 1102 Minervae
1006 1051 1169 1130 propere
1193 1049 1315 1102 conce·

236 1143 349 1220 dunt.
398 1147 449 1220 At
473 1143 591 1246 paulo
617 1159 702 1248 post
726 1167 772 1218 ex
797 1141 866 1228 his,
892 1143 963 1247 qui
987 1169 1035 1218 ex
1062 1168 1151 1218 arce
1176 1142 1315 1220 descen·

236 1261 385 1352 derant,
412 1259 670 1363 cognoscitur,
707 1258 915 1337 Alexandri
941 1259 1050 1352 filios,
1075 1287 1171 1364 quos
1195 1263 1315 1338 exue-

235 1380 324 1456 lena
349 1395 582 1483 susceperat,
620 1403 710 1464 casu
742 1403 913 1454 camerae
944 1379 1166 1454 exstinctos:
1208 1378 1315 1480 hique

235 1513 349 1572 erant
380 1491 592 1582 Bunomus,
627 1495 819 1600 Corythus
851 1513 968 1599 atque
1000 1494 1144 1574 Idaeus·
1197 1497 1316 1594 Quare

236 1615 396 1692 consilio
418 1615 549 1706 dilato,
575 1612 690 1692 duces
709 1614 830 1692 nostri
848 1613 900 1690 ad
914 1620 1151 1690 Antenorem
1168 1615 1315 1700 absunt,
1362 1693 1363 1708 ¹

238 1732 373 1836 ibique
398 1733 564 1839 acceptis
596 1734 723 1838 epulis
746 1751 988 1838 pernoctant.
1033 1735 1234 1810 Praeterea
1262 1755 1315 1806 co·

236 1868 426 1951 gnoscunt
451 1851 500 1924 ab
533 1855 744 1943 Antenore,
776 1849 926 1926 editum
958 1847 1158 1952 quondam
1192 1871 1315 1926 oracu·
1362 1855 1363 1862 ’

234 1967 319 2042 lum
342 1965 528 2058 Troianis,
555 1967 722 2044 maximo
748 1967 866 2044 exitio
896 1965 1042 2043 civitati
1065 1965 1158 2056 sore,
1182 1967 1218 2042 si
1241 1963 1315 2042 Pal·
1362 1949 1363 1956 ἵ

234 2082 402 2176 iadium,
440 2082 550 2186 quod
582 2085 625 2161 in
659 2085 802 2190 templo
839 2086 1035 2162 Minervae
1071 2101 1180 2174 esset,
1216 2100 1314 2158 extra

233 2199 387 2276 moenia
413 2200 625 2276 tolleretur.
675 2202 851 2302 Namque
875 2199 917 2276 id
940 2199 1252 2303 antiquissimum
1273 2195 1314 2274 si·

233 2341 355 2420 gnum
380 2315 486 2394 coelo
511 2317 741 2424 sullapsum,
767 2343 846 2422 qua
872 2335 1091 2426 tempestate
1113 2317 1204 2410 nus,
1230 2335 1313 2394 tem·

302 2619 337 2678 V.
373 2621 453 2692 regin
470 2619 594 2694 Priamo)
629 2621 670 2674 Ita
687 2621 762 2676 edidi
781 2625 904 2676 echrn.
924 2631 952 2677 ct
969 2623 998 2680 S.
1013 2622 1085 2679 Gall.
1104 2637 1168 2692 opp.
1204 2621 1239 2675 In
1257 2623 1311 2674 ecit

232 2691 347 2748 Priami.
364 2709 389 2745 v.
408 2691 497 2746 Gloss.
515 2694 550 2747 ad
569 2711 592 2750 c.
611 2695 640 2748 8.
675 2695 748 2747 inira
766 2695 845 2747 Bern.
864 2694 970 2748 turbati
987 2696 1077 2748 enimi
1095 2697 1156 2766 qui.
1214 2710 1219 2717 ·

303 2764 400 2827 solito)
436 2763 486 2822 Ed,
503 2763 618 2823 Medici.
638 2771 667 2816 et
684 2765 757 2822 Crat
775 2765 882 2818 addunt
897 2782 983 2820 more.
1001 2767 1126 2835 eglesia.
1145 2761 1207 2822 Lib.
1218 2765 1263 2818 tv.
1276 2763 1311 2816 16.

231 2833 317 2888 solito
342 2831 382 2887 nd
398 2837 492 2905 Agant.
516 2849 661 2890 coenatum
690 2837 811 2890 veniunt.
839 2835 874 2893 cs.
894 2835 1024 2888 Obrecht.
1049 2839 1126 2888 Bern.
1153 2851 1206 2886 om.
1228 2835 1311 2890 solito·

115 2939 120 2952 .
229 2904 280 2956 Ed.
300 2905 375 2956 Crat.
393 2921 447 2958 om.
464 2919 593 2962 tentatae.
618 2913 648 2958 et
664 2905 719 2958 fine
735 2908 889 2960 sententiae
907 2906 1004 2960 adiicit
1010 2905 1093 2982 fieri.
1129 2907 1313 2976 S.Gaii.op1t

230 2973 267 3026 ah
285 2990 315 3026 re
353 2975 397 3026 tts.

301 2991 457 3107 Agrianomes,
476 3043 612 3112 Corythus
628 3057 710 3116 atque
728 3045 839 3118 Idaeus)
875 3047 940 3100 Fert
960 3048 1065 3100 animus
1083 3063 1117 3101 ex
1126 3046 1220 3100 Melet.
1232 3063 1257 3118 p.
1266 3043 1312 3108 sto

230 3117 260 3164 et
277 3111 393 3171 Cedren.
412 3131 439 3182 p.
451 3130 506 3173 sor·
526 3114 645 3168 scribere
663 3117 816 3180 Bunt'mus,
834 3117 879 3168 rel
896 3135 930 3171 ex
948 3119 972 3168 T
974 3128 1038 3170 zeta.
1058 3119 1146 3173 Posth.
1166 3117 1220 3188 440
1239 3125 1267 3170 et
1280 3111 1312 3166 ad

231 3181 363 3251 Lycophr.
386 3186 446 3237 851.
465 3185 597 3242 Bunicus.
632 3185 769 3252 Corythus
787 3187 894 3239 restitui
914 3205 946 3240 cx
965 3189 992 3240 S.
1011 3189 1082 3246 Gall.
1101 3205 1153 3242 sec.
1173 3187 1230 3251 IX,
1255 3200 1312 3238 eum

231 3253 326 3313 Rern„
345 3253 372 3306 S·
390 3253 463 3308 Gau.
482 3271 566 3322 opp,
584 3253 633 3306 Ed.
648 3255 729 3308 Merc.
749 3264 779 3308 et
796 3257 862 3310 Obr.
883 3257 1021 3317 Corithur.
1038 3260 1085 3312 Ed.
1103 3261 1188 3314 Ptine
1205 3267 1233 3312 et
1243 3259 1311 3312 Crat.

234 3322 390 3376 Corinthus.
426 3322 543 3377 Malelrc
562 3331 590 3377 et
606 3323 732 3379 cedreno
751 3337 924 3398 nuncupatur
942 3331 1118 3396 Κορύθαιος,
1139 3329 1191 3400 leg.
1219 3323 1312 3394 Κόρυ-

229 3397 291 3450 θος.
310 3411 336 3453 v.
355 3391 433 3445 obss.
455 3396 537 3448 Recte
558 3411 640 3466 porro
658 3396 875 3461 MSS.1daeus,
899 3415 956 3452 non
978 3399 1061 3465 Idus,
1088 3410 1119 3454 et
1136 3409 1178 3454 est
1193 3402 1226 3454 in
1243 3401 1311 3452 cnt-

230 3470 259 3518 οὶ
275 3463 349 3534 apud
367 3464 545 3530 cedrenum,
566 3465 615 3518 uhi
633 3467 713 3520 scrib.
726 3465 837 3527 Ἴδαιος.

298 3533 392 3607 itique
410 3533 525 3608 accept.)
561 3537 588 3590 S.
607 3537 680 3596 Gall.
697 3553 749 3590 sce.
768 3540 803 3592 tx
823 3548 853 3592 et
871 3539 919 3592 Ed·
939 3539 1024 3594 Ptine.
1043 3541 1137 3614 hique.

297 3607 418 3677 acceptis
437 3607 541 3679 epulis)
575 3607 648 3659 Scite
668 3616 761 3661 monet
781 3611 910 3674 Daecria,
929 3613 1015 3664 latine
1032 3613 1089 3665 dici
1109 3611 1200 3682 accipi
1217 3609 1312 3682 epatis.

227 3691 285 3800 1.ῗέ
294 3679 544 3802 ιίἷῖἷέ’.”ἔ.ἷ1.”1ῗῖ
553 3677 1311 3806 25:5⁰2?‘¹²¹0⁶.:totitttdttt”ttt't‘tt‘tt

229 3819 368 3886 Lamprid.
385 3817 477 3872 sever.
494 3821 537 3874 61.
558 3768 757 3876 oibopmilt'tarr'
777 3835 896 3895 accepto.
933 3824 987 3876 Sed
1006 3765 1210 3895 utroiquepioeo
1241 3818 1312 3874 nihil

228 3889 390 4014 {mugilum
407 3905 479 3955 este,
498 3891 631 3962 exemplis
650 3891 844 3961 comprobatur
862 3893 1024 3965 Wopkensii
1041 3913 1068 3965 p.
1086 3897 1130 3965 87.
1157 3893 1192 3946 ci.
1210 3908 1262 3948 nos
1279 3891 1313 3944 ad

243 3979 296 4016 ι’·
352 3975 403 4012 0⁵⁸·

227 4029 881 4164 ....erretisaethere
895 4033 982 4159 ,stt
1000 4035 1171 4174 {st-..zet
1179 4035 1315 4174 teu·

226 4172 302 4231 rau.
317 4202 353 4214 -·
370 4173 535 4242 auset-retur.
573 4171 659 4224 Etiam
680 4173 752 4226 Crat.
772 4173 932 4244 artferretur
952 4193 1000 4245 pro
1019 4177 1172 4232 tolleretur.

299 4244 376 4298 coeto
388 4242 550 4314 sumptum)
568 4241 719 4312 Egimusdc
729 4242 782 4298 hoe
794 4248 856 4298 loeo
866 4247 897 4298 iu
907 4247 1022 4302 Praefat.
1033 4265 1060 4318 p.
1071 4247 1177 4304 xuvu.
1195 4245 1227 4298 ln
1237 4259 1316 4314 seqq.
