2724 4680
353 329 404 386 on
421 327 577 426 nxcmro
592 329 736 388 raonn
750 327 936 388 mronrn
1073 292 1079 322 ⁵
1185 325 1233 392 aa

122 523 230 580 uonna
242 523 339 592 stare,
364 509 650 598 Agamemnonem,
675 511 871 593 Menelaum,
895 510 1147 601 Neoptolemo,
1164 533 1231 580 non

120 617 227 682 minus
241 619 371 695 fortem,
393 627 595 704 qsmm.peter
618 618 687 682 eiua
705 619 831 697 luisset,
865 614 1075 696 moneam,
1101 617 1230 684 anem
1358 657 1359 664 κ

121 721 276 799 Locmnr‘,
298 723 484 806 'ueteresque
503 729 596 806 quam
607 723 711 808 plures
726 741 869 786 summae
888 719 1087 808 prudentiae,
1113 721 1230 788 Nesto-

120 845 205 904 rem,
239 825 377 890 Uhxem.
434 821 552 888 Contra
581 825 737 890 Troianos
762 827 883 891 clausos
911 837 943 889 et
969 825 1118 890 contritos
1148 844 1230 890 esse.

119 927 239 994 Suadet
261 931 384 1016 potios,
412 937 448 990 ut
470 928 592 992 Helena
613 928 665 994 lris
677 939 808 1014 atquae
823 925 999 994 Alexander
1011 929 1138 994 ahstulit
1154 927 1230 994 red·

92 1061 97 1068 ·
120 1029 249 1112 dantur,
276 1043 308 1096 et
319 1053 385 1120 pax
395 1030 461 1094 liat.
487 1030 657 1118 Postquam
668 1033 765 1096 molta
779 1033 875 1099 rerba
887 1031 929 1096 ds
942 1053 1019 1122 paee
1034 1031 1229 1104 concdiaudtt

120 1133 282 1215 dixerunt,
309 1136 405 1216 surgit
424 1133 682 1222 Amphirnechus,
707 1137 790 1201 lilius
802 1135 936 1216 Priami,
968 1134 1150 1202 adolescens
1161 1139 1229 1204 ior·

118 1241 275 1304 tissimus:
300 1239 393 1302 malis
406 1238 512 1303 verbis
531 1237 659 1304 adorans
673 1251 722 1303 est
737 1243 926 1306 Antenorem
935 1280 954 1320 ,·
966 1252 1000 1306 et
1014 1241 1137 1325 eosqui
1150 1261 1227 1306 con-

119 1356 282 1407 senserant
303 1343 462 1430 increpare
481 1344 623 1429 iactaque
645 1363 754 1408 eoram
770 1345 889 1432 coepit,
917 1355 949 1409 st
962 1341 1096 1408 suadere
1110 1345 1226 1432 potius,

118 1449 256 1510 exercitu
273 1446 478 1532 irreptionem
497 1445 643 1510 iri-cestra
664 1449 780 1526 lacem,
807 1469 905 1533 usque
917 1445 993 1510 dum
1005 1449 1149 1526 maram,
1174 1459 1228 1512 aut

117 1549 193 1614 vieti
207 1551 384 1637 propatria
406 1550 601 1639 occumbant.
649 1548 819 1636 Postquam
833 1551 862 1616 is
876 1551 975 1616 finem
993 1551 1083 1628 lecit,
1104 1551 1226 1616 Aeneas

117 1654 277 1733 exsurgite
293 1654 419 1718 lenibus
433 1652 623 1740 milibusque
645 1655 751 1721 verbis
769 1655 899 1736 rollrtat,
923 1675 1036 1743 pacem
1049 1655 1089 1718 ab
1104 1655 1226 1737 Argivis

115 1758 182 1845 peti
196 1777 385 1845 magnopere
398 1753 517 1820 suadet.

523 1891 613 1960 Car.
632 1867 829 1960 XXXVIII.

214 2013 383 2100 Postquam
399 2013 471 2078 linis
483 2009 606 2076 dicendi
620 2015 718 2077 iactos
739 2025 807 2094 est,
831 2011 975 2080 Priamus
989 2035 1104 2098 magno
1118 2013 1224 2082 animo

115 2117 229 2198 surgit:
255 2119 368 2200 ingerit
383 2119 480 2182 multa
502 2117 586 2180 mala
604 2115 753 2180 Antenori
774 2129 806 2181 et
821 2117 953 2185 Aeneae.
1003 2117 1068 2184 Eos
1083 2131 1223 2185 auctores

114 2221 188 2284 belli
207 2220 376 2310 appetendi
397 2223 494 2285 lusisse
520 2233 551 2284 et
571 2221 691 2302 legatos
715 2221 749 2284 in
763 2217 928 2286 Graeciam
941 2221 1103 2304 mittendi;
1129 2245 1224 2309 quum

114 2324 184 2412 ipse
198 2347 319 2412 quoque
343 2325 477 2412 Antenor
495 2325 614 2405 legatus
630 2321 772 2404 redierit,
794 2335 827 2386 et
849 2327 1071 2390 renuntiaverit
1086 2347 1122 2389 se
1147 2349 1224 2390 con-

115 2427 281 2492 tumelioso
303 2439 465 2514 tractatum
485 2449 572 2506 esse,
596 2436 628 2488 et
649 2427 781 2489 suaserit
795 2427 972 2492 bellandum
984 2448 1079 2491 esse:
1108 2425 1223 2496 deinde

116 2540 148 2594 et
161 2529 313 2612 Aeneam,
342 2531 478 2622 quicum
494 2525 670 2593 Alexandro
682 2529 837 2593 Helenam
854 2542 886 2594 et
898 2529 1049 2618 praedam
1067 2532 1223 2618 eripuerit.

114 2629 311 2722 Quapropter
328 2615 450 2698 ¹certum
470 2634 531 2698 sibi
556 2653 644 2710 esee,
674 2651 785 2719 pacem
806 2655 870 2696 non
895 2635 981 2698 lieri:
1020 2635 1222 2722 imperatque,

112 2737 158 2799 uti
180 2759 289 2817 omnes
311 2739 411 2826 parati
436 2738 513 2817 sint,
536 2749 631 2822 quum
660 2737 785 2817 signum
805 2734 941 2817 dederit,
981 2759 1037 2825 per
1052 2751 1158 2826 portas
1177 2741 1223 2804 ir-

112 2841 290 2928 ruptionem
305 2843 422 2906 larere:
448 2853 501 2904 aut
516 2843 641 2906 vincere
656 2850 709 2905 aut
724 2841 807 2903 mori
823 2841 884 2904 sibi
896 2851 1013 2905 certum
1029 2862 1110 2906 esse.
1135 2843 1223 2908 llaec

110 2955 278 3031 postquam
294 2943 389 3036 dixit,
415 2945 521 3008 multis
540 2941 645 3008 verbis
660 2964 716 3008 eos
731 2943 881 3022 hortatus,
909 2945 1073 3009 consilium
1086 2941 1227 3012 dimisit?

110 3045 371 3132 Amphimachum
394 3047 429 3111 in
449 3047 568 3130 regiam
595 3068 700 3112 secum
715 3043 819 3127 duxit,
844 3045 984 3136 dixitque
998 3051 1043 3130 ei,
1067 3053 1222 3116 severeri

111 3151 226 3230 abhis,
254 3154 307 3238 qui
323 3173 434 3240 pacem
449 3163 619 3230 euaserant,
642 3173 683 3214 ne
696 3149 847 3242 oppidum
858 3149 1008 3240 prodant;
1031 3175 1147 3242 eosque
1162 3157 1223 3218 ha-

111 3255 185 3316 bere
207 3256 322 3320 multos
346 3254 386 3319 de
408 3257 516 3344 plebe,
549 3257 602 3341 qui
624 3277 694 3319 cum
716 3257 762 3319 eis
790 3253 941 3320 sentiant:
975 3279 1054 3345 opus
1078 3280 1222 3323 essaeos

109 3355 252 3421 interfici.
302 3357 339 3422 Si
349 3359 410 3424 hoc
425 3362 541 3422 lactum
555 3361 610 3436 sit,
633 3379 668 3422 se
687 3361 821 3448 patriam
833 3358 1032 3424 defensurum
1047 3373 1078 3423 et
1090 3360 1222 3444 Argiuos

111 3473 335 3550 superaturum.
386 3463 546 3548 Simulque
570 3471 674 3542 rogat,
708 3473 742 3525 ut
770 3463 831 3526 sibi
860 3463 963 3527 fidelis
990 3475 1022 3526 et
1049 3462 1222 3528 obaudiens

110 3550 295 3654 paratusque
318 3587 390 3632 cum
407 3567 504 3630 armis
526 3565 584 3628 sit:
618 3561 652 3628 id
677 3567 745 3629 sine
763 3567 940 3654 suspicione
961 3565 1005 3628 ita
1026 3565 1095 3630 lieri
1109 3587 1222 3654 posse:

109 3682 233 3754 postera
255 3666 325 3748 die,
352 3670 397 3732 ita
419 3671 464 3734 uti
486 3671 587 3749 solet,
608 3689 676 3741 rem
691 3668 833 3732 divinam
852 3672 1019 3746 iacturum,
1048 3690 1165 3755 eosque
1180 3669 1222 3734 ad

109 3792 240 3836 coenam
261 3785 455 3868 vocaturum.
516 3771 604 3837 Tunc
632 3771 875 3862 Amphimachus
905 3773 1035 3836 consilio
1050 3776 1222 3862 approbato

107 3875 170 3966 hoc
183 3877 334 3942 iacturum
347 3873 518 3968 promittit,
542 3887 634 3964 atque
647 3877 692 3939 ita
708 3877 747 3938 ab
763 3896 801 3938 eo
814 3873 968 3940 discessit.

130 4065 136 4079 .
250 4063 254 4074 .
311 4074 314 4082 .
447 4064 451 4073 ·
525 4011 616 4083 Gar.
630 4010 808 4094 XXXIX.
850 4073 855 4090 ,

154 4141 158 4148 ’
208 4129 332 4202 &dem
354 4133 409 4198 lie·
425 4135 507 4198 clam
521 4132 884 4211 conueniuntdnteaor,
903 4129 1109 4216 Polydamas,
1137 4135 1221 4202 Uca-

106 4237 214 4318 legon,
240 4235 482 4326 Amphidamas,
494 4237 629 4304 ‚noum
652 4234 776 4319 dicunt,
802 4257 838 4300 se
853 4235 961 4303 mirari
974 4237 1063 4320 ¹regis
1078 4239 1219 4327 pertina-

1192 3947 1197 3995 ἶ
1221 3968 1229 4002 r

615 4428 653 4447 ‘h

236 4568 311 4654 Δ
