2698 4688
494 415 737 471 rumonucrtu.
1037 413 1152 470 lulli

141 603 380 670 decentissimum
401 605 551 689 scriptor,
573 607 627 690 qui
653 625 685 668 re
705 605 823 668 Graeco
844 603 965 690 Dictys,
989 613 1074 668 utet
1093 605 1160 670 Da·

73 722 139 788 rete,
159 733 249 775 usum
271 731 338 774 esse
362 720 504 794 testatur,
525 723 570 776 est
591 713 693 774 Guido
715 711 754 776 de
776 712 939 776 Columna.
982 715 1058 776 Post
1075 713 1160 778 hune

73 839 152 881 nemo
171 819 247 900 fnit,
267 820 323 902 qui
342 838 414 880 eum
434 837 467 881 se
486 819 599 881 vidisse
619 823 793 912 removerit*
803 841 813 898 ς
834 831 927 902 atque
941 819 1160 886 Constantinus

73 925 216 1008 tum,
243 927 298 1010 qui
325 923 421 988 ultera
449 937 537 1008 parte
563 926 657 990 seculi
687 927 798 988 decimi
822 928 921 1010 quinti
951 928 1045 1006 vixit,
1074 927 1160 992 affir-

72 1037 175 1114 merit,
206 1054 264 1096 sno
286 1045 424 1118 tempore
444 1054 596 1116 nusquam
617 1034 730 1118 Dictyn
750 1033 835 1120 apud
862 1034 997 1096 Graecos
1017 1036 1155 1122 reperiri.

70 1139 136 1202 vat
153 1140 307 1204 ancisci
337 1141 502 1224 Faragonii
529 1141 628 1224 Epist.
648 1138 688 1202 nd
715 1139 850 1202 Rictium
881 1143 1103 1204 messanensem
1123 1145 1158 1206 in

69 1245 156 1317 Thes.
174 1247 281 1332 Antiq.
302 1249 411 1310 Graec.
431 1247 470 1309 Τ.
490 1245 532 1308 X.
554 1269 587 1330 p.
623 1245 720 1330 ulit
747 1245 892 1330 Nicolaus
911 1247 1037 1310 Loiinsis
1063 1251 1155 1314 Misc.

68 1353 174 1438 Epiph.
195 1355 250 1422 lib.
273 1355 332 1418 tv.
354 1377 383 1424 c.
402 1375 453 1422 ao.
474 1354 506 1416 in
531 1355 657 1416 Gruteri
678 1354 772 1416 Thes.
799 1353 875 1416 Crit.
896 1353 937 1418 T.
961 1357 1004 1418 V.
1025 1375 1058 1438 p.
1075 1355 1151 1439 4553

68 1459 217 1524 Fabricios
235 1461 319 1524 Bibl.
344 1463 451 1526 Graec.
473 1462 502 1523 1.
524 1461 557 1526 5.
582 1462 629 1526 13.
672 1461 753 1523 Hinc
775 1457 922 1539 efficitur,
943 1473 1094 1544 quantum
1116 1465 1157 1528 sit

69 1569 164 1630 Marco
181 1569 274 1630 Tatio
294 1567 365 1631 lidei
378 1565 596 1646 tribuendum,
618 1567 705 1629 cuius
720 1567 902 1628 Germanica
916 1567 1036 1652 Diotyis
1054 1574 1155 1634 versio

67 1686 310 1738 commmoratur
330 1674 390 1737 hoc
413 1674 521 1738 titulo:
556 1673 696 1755 „Dictys
726 1673 805 1734 Ort.
841 1672 978 1737 Hr‘storr'e
1005 1699 1061 1740 nrm
1083 1677 1155 1742 deus

69 1782 271 1845 &minim
292 1783 436 1846 ai'bersetu
462 1783 557 1846 dost
575 1781 623 1849 M.
648 1778 762 1847 Taurus.
788 1780 978 1860 ι54ο.]οἱ.“
1023 1785 1095 1864 Qua
1113 1786 1154 1849 de

64 1911 97 1950 re
114 1888 214 1952 flarler
234 1889 277 1952 ad
300 1888 423 1957 Febris.
447 1888 471 1950 l.
496 1888 518 1956 l.
546 1890 590 1950 sic
610 1889 745 1950 iudicate
779 1887 898 1968 „Unde
921 1891 1030 1954 Tutius
1055 1893 1155 1956 Gree-

66 2019 129 2060 mm
146 1998 221 2062 Cod.
240 2000 404 2083 occeperit,
429 2009 482 2062 sut
502 2019 558 2060 cur
581 1995 664 2059 illam
689 1997 809 2059 lactarit
829 1998 1034 2084 epigraphen,
1063 2001 1154 2084 equi-

63 2106 282 2170 &nimiost
326 2105 445 2170 Verum
468 2105 577 2168 dixerit
596 2106 705 2168 Tatius
736 2126 776 2166 an
800 2105 927 2186 fulsum,
957 2107 1069 2174 collata
1092 2110 1153 2174 hu.

64 2215 107 2276 ias
124 2217 260 2278 versione
280 2235 352 2276 cum
376 2212 563 2296 Septimium
582 2219 614 2274 et
636 2213 756 2298 Dictyis
776 2211 976 2296 mpilstorum
996 2219 1152 2281 narratio·

61 2322 143 2385 uibus
161 2323 354 2390 elucesceret.

131 2431 273 2516 Sequitur
303 2425 482 2492 difficillima
514 2427 553 2492 de
575 2429 613 2490 L.
634 2425 792 2512 Septimii,
826 2425 927 2492 Latini
948 2429 1146 2516 interpretis,

61 2549 145 2602 sente
164 2542 325 2626 quamtio,
354 2541 386 2600 ia
418 2561 478 2623 qua
511 2539 648 2600 virorum
676 2539 837 2600 doctorum
860 2550 936 2622 quot
957 2539 1075 2622 capita,
1098 2552 1146 2604 tot

61 2647 119 2709 lere
134 2671 243 2712 emens.
286 2649 462 2730 Ancipitem
484 2647 565 2709 viam
587 2647 712 2730 ingressi
731 2657 822 2710 eunt:
848 2646 901 2709 alii
923 2655 1053 2708 aetutem
1069 2668 1146 2710 coo·

61 2757 177 2818 etitem-e
194 2757 291 2818 moliti
312 2767 386 2818 suut
409 2777 444 2818 ex
466 2753 616 2817 librorum
640 2754 803 2834 latinitate,
825 2751 877 2814 alii
899 2772 934 2812 ex
955 2750 1083 2835 singulis
1102 2757 1145 2816 ui-

59 2885 157 2927 rorum
177 2865 417 2950 dignitatumque
433 2864 623 2929 nominibus:
642 2875 735 2944 etque
755 2864 835 2924 inter
851 2869 1144 2944 utramquepartem

58 2991 121 3032 cnm
142 2995 249 3057 magna
270 2973 311 3035 sit
330 2973 496 3052 dissensio,
535 2981 601 3036 tum
624 2974 715 3034 etiam
737 2966 848 3052 singuli
868 2969 1015 3050 cuiusque
1036 2969 1143 3034 factio·

58 3081 99 3142 tu's
121 3084 190 3144 socii
213 3083 381 3144 admodum
399 3084 480 3144 iuter
505 3101 538 3143 se
569 3081 753 3164 discrepant.
807 3077 1001 3162 Scioppium,
1025 3077 1140 3146 Pared.

60 3189 214 3274 litEpirt.
225 3191 266 3252 V.
291 3187 330 3250 ad
346 3187 478 3252 Cornelii
490 3189 616 3272 Nepotis
634 3187 863 3252 similitudinem
877 3185 1020 3250 accedere
1037 3188 1138 3272 Septi·

60 3299 159 3378 nium,
187 3309 219 3362 et
239 3299 364 3361 omnino
387 3295 497 3358 Velleii
517 3297 683 3377 Paterculi,
703 3295 819 3358 Valerii
841 3296 967 3360 Maximi
987 3307 1018 3358 ct
1039 3297 1139 3362 Curtii
1229 3279 1232 3288 „

60 3403 119 3468 Rufi
145 3419 244 3471 aetate
272 3409 383 3470 vixisse
409 3406 660 3488 contendentem,
685 3405 850 3469 foedissimi
878 3405 991 3468 erroris
1012 3409 1139 3470 convin-

61 3524 120 3574 tunt
144 3517 320 3579 Gronovius
351 3515 444 3582 Obss.
475 3515 591 3582 liccles.¹
622 3537 649 3577 c.
673 3511 723 3579 25.
753 3525 784 3576 et
805 3513 983 3576 Perizonius
1002 3513 1083 3580 Dies.
1105 3521 1136 3594 §.

61 3613 223 3682 mutu.
267 3621 329 3686 Sed
347 3625 411 3706 ipse
433 3625 548 3686 erravit
570 3621 755 3700 Gronovius,
777 3618 957 3702 Septimium
971 3621 1013 3683 ob
1026 3643 1135 3686 vocem

62 3731 213 3810 mrem,
241 3753 303 3814 qua
324 3735 417 3797 series
440 3733 509 3814 (lib.
525 3731 550 3800 l.
569 3729 598 3810 5,
624 3731 667 3792 11.
687 3727 716 3810 4.
731 3730 783 3814 4ο,
807 3729 847 3794 V.
867 3728 984 3806 11.16‚
1010 3731 1067 3798 Vl.
1081 3731 1133 3814 9.)
1193 3735 1196 3746 ⁴

6 3883 9 3898 .
63 3847 105 3908 Μ
121 3841 279 3923 Mm'gatso
308 3843 423 3920 utitur,
455 3841 486 3902 in
506 3841 648 3923 quintam
670 3835 805 3899 seculum
825 3856 984 3919 reponens.
1024 3835 1134 3900 Falsus

63 3938 125 4002 ‘filu
141 3957 200 4026 est,
222 3946 374 4008 nmninem
396 3967 461 4008 esse
480 3941 647 4022 affirmans,
669 3943 723 4025 qui
746 3941 789 4004 sic
809 3940 963 4025 loquatur,
978 3946 1133 4032 antiquio·

63 4059 113 4106 Μ
129 4047 267 4116 Cerridio
286 4053 453 4118 Scaevolae
477 4072 549 4112 nam
570 4051 669 4134 prisca
689 4070 748 4133 vox
769 4057 813 4111 est
831 4051 989 4131 novigiwn
1011 4055 1069 4114 ista
1089 4055 1133 4116 si·

6 4231 10 4262 μ
64 4153 255 4240 plicatione,
289 4185 351 4246 qua
373 4162 471 4224 utitur
491 4158 654 4225 Lucretius
674 4155 713 4220 V.
739 4155 826 4234 1004.
849 4158 987 4242 improbo
1008 4163 1135 4246 nnur'gii

6 4283 7 4286 ’
66 4261 126 4321 mio
146 4275 210 4326 mm
227 4288 319 4338 caeca
336 4269 459 4345 iacebat,
476 4268 498 4329 i.
521 4286 548 4333 o.
570 4263 784 4347 navigationis,
809 4271 845 4324 ut
858 4265 1013 4348 accipiunt
1030 4267 1131 4334 Obre·

96 4391 210 4434 uteres.
870 4382 888 4422 0
