2762 4684
368 332 419 392 DE
436 331 590 392 exemto
605 331 748 394 atomi
764 333 948 394 EBTORIA.
1173 326 1218 394 ὕ

530 549 626 618 Car.
650 549 799 618 XXXII.

211 683 351 775 Tempus
365 708 487 777 pugnes
503 689 691 777 supervenit.
742 685 873 754 Troiani
888 684 1057 752 exercitum
1072 681 1216 752 eductmt.

105 783 226 852 Contra
246 789 353 873 Argivi
379 790 543 882 prodeunt.
597 791 732 856 Achilles
759 789 976 876 Myrmidonas
994 791 1136 870 instruit,
1173 787 1215 855 ad

107 891 375 972 Agamemnonem
387 907 516 984 paratos
528 895 634 958 mittit.
682 895 737 960 Tit
756 915 860 984 pugna
876 895 994 959 maior:
1020 893 1128 957 acriter
1142 915 1211 958 sae·

105 996 201 1059 viror.
251 997 377 1064 Troilus
391 1000 425 1064 in
445 999 547 1088 prima
565 998 632 1062 acie
645 998 777 1081 Argivos
791 998 907 1080 caedit,
932 995 1149 1081 Myrmidonas
1164 999 1215 1062 iu-

105 1109 178 1180 gat,
203 1101 445 1190 impressionem
467 1103 541 1166 lacit
562 1103 597 1166 in
618 1115 734 1183 eastra,
764 1103 880 1169 mssltos
902 1099 1030 1182 occidit,
1062 1101 1214 1190 plurimos

104 1203 235 1267 sauciat.
284 1206 364 1271 Aiax
377 1206 581 1272 Telamonius
594 1206 725 1270 obstitit.
772 1205 903 1272 Troiani
920 1205 1055 1273 virtores
1074 1205 1109 1268 in
1123 1206 1217 1293 oppi·

104 1301 184 1368 dum
203 1321 405 1374 rerertmun.
454 1309 583 1375 Postera
609 1307 662 1373 die
682 1309 894 1392 Agamemnon
905 1310 1076 1374 exereitum
1092 1305 1214 1373 educit:

103 1431 219 1474 omnes
233 1409 327 1478 duces
341 1425 373 1477 et
387 1411 604 1498 Myrmidones
618 1411 782 1501 prodeunt.
832 1411 859 1476 E
877 1425 982 1477 contra
994 1412 1125 1478 Troiani
1137 1412 1212 1476 laeti

104 1512 141 1576 in
153 1515 253 1578 aciem
271 1529 395 1583 exeunt.
444 1515 568 1582 Proelio
586 1517 755 1582 commisso
772 1527 898 1604 uterque
911 1517 1064 1582 exercitus
1084 1515 1165 1580 inter
1179 1535 1213 1580 re

103 1611 274 1684 dimicant:
299 1621 408 1684 aeriter
424 1641 482 1708 per
497 1621 616 1708 aliquot
636 1618 704 1686 dies
724 1633 897 1710 pugnatur:
922 1622 1019 1684 multa
1039 1619 1137 1683 millia
1152 1620 1213 1683 ho-

101 1721 227 1784 minum
240 1743 282 1786 ex
296 1735 424 1810 unaque
445 1735 532 1812 parte
555 1721 677 1787 eadunt.
727 1722 852 1788 Troilus
867 1721 1084 1806 Myrmidonas
1105 1743 1214 1810 perse-

102 1823 224 1908 quitur,
255 1827 378 1907 sternit,
405 1828 501 1906 iugat.
549 1828 766 1908 Agamemnon
794 1838 829 1890 ut
857 1826 937 1892 vidit
957 1826 1059 1914 plures
1086 1847 1127 1889 ex
1156 1846 1213 1890 sua

102 1937 194 2012 parte
207 1929 342 2010 occisos,
366 1927 508 1994 inducias
524 1930 558 1994 in
579 1929 648 1994 dies
663 1931 789 2014 triginta
810 1931 905 2018 petit,
931 1942 966 1994 ut
979 1951 1053 1994 suos
1069 1930 1213 1992 funerare

100 2029 217 2122 possit.
266 2031 409 2098 Priamum
430 2031 571 2098 inducias
597 2030 694 2100 dedit.
753 2030 836 2098 Suos
858 2034 988 2122 quisque
1014 2030 1212 2125 sepeliendos

103 2143 200 2198 curat.

520 2341 613 2409 Gar.
638 2339 801 2408 XXXIII.

211 2473 349 2568 Tempus
362 2498 486 2567 pugnes
499 2480 688 2570 supervenit.
738 2479 869 2547 Troiani
883 2475 1053 2544 exereitum
1069 2475 1211 2546 educunt.

106 2575 223 2643 Contra
243 2579 456 2662 Agamemnon
473 2604 584 2650 omnes
612 2581 706 2648 duces
726 2583 761 2650 in
779 2603 917 2672 pugnem
934 2584 1027 2665 cogit.
1085 2583 1210 2650 Proelio

107 2683 280 2749 commisso
295 2687 331 2752 iit
347 2707 462 2769 magna
483 2686 610 2753 eaedesr
632 2688 742 2752 aedter
761 2688 907 2752 saevitur.
954 2686 1125 2773 Postquam
1144 2689 1212 2776 pri·

103 2805 194 2850 mum
212 2797 336 2877 tempus
357 2789 423 2856 diei
442 2793 580 2874 nansiit,
607 2789 713 2880 prodit
731 2791 767 2856 in
785 2791 905 2880 proelio
928 2789 1070 2871 Troilus,
1100 2790 1212 2872 caedit,

103 2893 282 2976 prosternit.
332 2892 439 2976 Argiui
457 2897 564 2976 iugem
592 2917 663 2960 eum
684 2897 818 2960 elamore
835 2897 983 2958 iecerunt.
1030 2894 1213 2960 Achillesut
1274 2919 1315 2956 ·.

103 2991 188 3056 vidis
199 2993 340 3062 Troilum
361 2997 405 3060 its
418 2996 580 3064 desaevire
597 3012 629 3065 et
641 2999 765 3081 Argivis
785 2999 948 3077 insultare,
974 2997 1128 3086 simulque
1142 2999 1212 3064 sine

105 3095 340 3164 intermissione
361 3099 580 3185 Myrmidonas
594 3113 798 3192 prosternere,
823 3100 954 3184 Argivos
969 3102 1119 3182 laborare,
1134 3125 1211 3190 pro-

104 3199 193 3262 siluit
213 3201 247 3264 in
265 3205 391 3268 bellum
440 3203 522 3269 Eum
543 3209 690 3274 continuo
704 3206 830 3272 Troilus
846 3205 1012 3294 praecipit,
1038 3218 1071 3271 et
1083 3207 1212 3272 sauciat.

103 3301 242 3366 amites
259 3303 300 3370 de
319 3309 439 3395 proelio
462 3310 585 3375 saneim
604 3309 695 3376 redit.
750 3308 907 3391 Pugnatur
928 3309 1083 3374 continuis
1099 3308 1210 3374 diebus

104 3426 175 3470 sex.
225 3404 288 3472 Die
313 3413 446 3500 septimo
473 3410 550 3476 dum
576 3425 703 3500 uterque
726 3415 879 3480 exereitus
896 3413 1017 3502 proelio
1039 3415 1210 3478 eotnmisso

104 3508 187 3574 inter
210 3530 245 3575 se
264 3515 424 3596 lugentur,
455 3517 604 3597 Achilles,
636 3519 689 3604 qui
710 3519 863 3605 aliquibus
886 3515 997 3582 diebus
1023 3527 1157 3581 vastus
1175 3515 1211 3578 iu

104 3633 319 3698 pugnamnon
328 3617 499 3705 prodierat,
525 3618 743 3704 Myrmidonas
757 3621 891 3687 instrutit.
939 3619 1107 3700 Hortatur,
1132 3619 1214 3684 ello-

105 3717 218 3800 quitur,
230 3731 265 3784 nt
278 3722 399 3788 sortiter
413 3725 655 3811 impressionem
667 3727 702 3790 in
714 3726 856 3792 Troilum
869 3723 993 3789 iaciant.
1042 3721 1212 3810 Postquam

103 3821 206 3886 maior
219 3843 292 3911 pers
308 3823 372 3890 diei
386 3828 524 3908 mansiit,
543 3828 648 3916 prodit
661 3829 787 3895 Troilus
799 3849 840 3892 ex
854 3847 935 3914 equo
948 3827 1059 3892 leems.
1107 3824 1215 3908 Argivi

105 3923 240 3990 clamore
255 3947 370 4012 magno
383 3935 490 4014 lugam
503 3933 628 4000 iaciunt.
678 3930 896 4018 Myrmidones
909 3925 1124 4020 supervenere,
1148 3931 1213 3994 im-

105 4030 301 4111 pressionem
320 4035 354 4098 in
381 4036 524 4102 Troilum
548 4038 684 4104 taoiuntr
717 4035 759 4100 de
780 4055 912 4122 quorum
935 4055 1065 4100 numero
1087 4033 1211 4098 multis

107 4127 215 4198 Troilo
233 4135 421 4204 occiduum.
472 4139 558 4206 Dum
571 4145 681 4208 aeriter
690 4139 874 4230 proeliatur,
900 4159 999 4226 equus
1020 4137 1121 4204 Troili
1136 4159 1212 4203 uu*

106 4232 172 4302 cius
195 4239 323 4322 counit,
349 4243 491 4312 Troilum
511 4245 698 4340 implicitam
718 4243 845 4312 excutit.
893 4241 975 4310 Etim
994 4241 1127 4310 Achilles
1148 4242 1211 4308 sito

533 4574 586 4655 1
