2808 4686
365 492 369 503 ι
451 435 667 486 Guosssutuu
695 440 758 488 mn.
792 443 838 492 vs.
1114 425 1182 494 stt

180 637 343 708 postquam
374 639 439 688 nat.
460 661 500 674 -
518 643 685 712 postquam
709 628 756 690 ad
772 627 851 696 Eah.
872 629 1033 702 devenere)
1075 635 1189 713 Quem-

102 719 270 788 admodum
290 723 342 788 hie
359 737 526 813 postquam
540 763 579 776 —
598 741 756 814 postquam
776 729 885 790 ordine
904 751 938 792 se
959 731 1126 814 excipiunt,
1148 735 1190 798 its

102 843 171 888 cum
192 857 230 870 -
254 846 324 888 eum
345 823 414 888 loeo
434 826 546 888 Velleii
567 828 609 890 11.
632 827 685 890 82.
707 849 799 914 quem
824 829 996 914 Wopkens.
1015 853 1048 916 p.
1069 855 1124 916 97.
1145 845 1193 898 nt-

102 923 195 986 sutis:
212 939 368 1010 postquam
399 957 440 982 ο-
469 927 519 988 ubi
547 928 628 992 inire
658 949 726 1011 cop.
749 928 781 992 6.
805 943 970 1014 postquam
988 931 1132 998 devenere
1149 937 1195 996 ad

104 1046 173 1088 enm
195 1027 294 1088 locum
314 1061 354 1075 -
375 1027 428 1088 uhi
449 1027 663 1088 Telemachum
683 1047 749 1088 rem
778 1028 939 1091 edocuere:
960 1032 1011 1092 ubi
1032 1067 1075 1080 -
1100 1053 1192 1118 quum

103 1123 181 1186 sut.
206 1126 272 1210 lug.
297 1125 351 1187 62.
374 1125 551 1208 Iugurtha,
576 1128 627 1188 ubi
647 1129 748 1190 armis
767 1159 808 1172 —
828 1130 995 1213 spoleatum,
1016 1153 1109 1216 quum
1129 1135 1194 1216 ipse

104 1223 155 1288 ad
173 1227 384 1312 imperandum
409 1226 563 1288 Tisidium
599 1240 786 1306 vocaretur,
814 1249 920 1290 nasus
944 1232 1045 1317 coepit
1061 1231 1194 1318 flectere

103 1329 262 1388 animum:
287 1329 340 1388 ubi
356 1361 399 1372 —
419 1327 470 1388 uhi
493 1325 589 1410 Apul.
612 1329 690 1389 Met.
708 1327 919 1414 1.p.n.ttip.
939 1351 1015 1415 quas
1037 1333 1088 1393 uid
1097 1335 1194 1418 proha

99 1427 233 1510 protuli,
263 1428 325 1488 iam
353 1440 382 1488 et
399 1427 439 1488 de
455 1428 561 1512 patria
589 1442 695 1490 nostra
714 1461 753 1476 -
784 1429 976 1513 explorans,
1012 1432 1065 1494 uhi
1085 1455 1132 1494 me
1152 1467 1194 1498 -κ

103 1528 195 1588 serstt't
209 1527 411 1608 fatigatum:
447 1547 537 1612 quum
559 1559 600 1574 -
633 1548 701 1590 eum
730 1527 800 1594 Liv.
821 1527 973 1592 xxvut.
1005 1531 1057 1610 ho.
1090 1533 1195 1614 Quum

103 1627 251 1704 Africam
263 1625 452 1710 -Scs'pt'osst'
462 1626 625 1702 destinari,
635 1628 768 1688 homines
775 1629 875 1708 sarna
884 1630 1010 1707 fimet
1024 1661 1065 1678 ··
1080 1631 1116 1692 s'd
1122 1651 1195 1694 cott-

104 1726 210 1786 ss'lium
231 1723 472 1812 haudquaquam
489 1727 679 1808 primoribus
704 1739 835 1810 patrum
853 1749 920 1790 eum
929 1729 1083 1814 placent.
1101 1729 1154 1792 ubi
1165 1751 1195 1796 v.

105 1828 254 1904 Gronov„
277 1828 329 1908 qni
351 1826 431 1888 hano
452 1825 596 1907 loquendi
619 1826 867 1889 untionemhond
882 1827 1086 1912 inelegantem
1109 1830 1195 1898 diois.

188 1925 279 1987 eduen
307 1927 351 1986 ire
370 1927 508 2010 cupiens)
561 1924 634 1990 salt.
660 1927 727 2008 lug.
747 1923 799 1992 68.
814 1929 908 1990 ulnsm
926 1929 974 1994 ire
993 1929 1128 1995 iniurias
1135 1933 1197 2012 se-

105 2027 211 2089 stirsat.
232 2025 317 2086 curs.
327 2025 368 2086 X.
390 2027 420 2088 8.
446 2027 665 2088 Temeritatem
683 2027 782 2088 armis
802 2028 896 2089 niuem
917 2029 963 2090 ire
984 2027 1194 2094 decreverant.

44 2123 52 2130 “
105 2126 220 2210 Sulpie.
246 2126 287 2186 H.
311 2126 345 2186 S.
369 2125 397 2186 t.
418 2123 470 2204 44.
502 2125 534 2188 5.
559 2115 723 2206 acceptam'
740 2127 860 2188 sladem
881 2129 974 2190 sdtum
995 2129 1043 2190 ire
1062 2135 1195 2216 sapiens.

106 2229 149 2290 11.
171 2227 204 2304 h.
227 2247 257 2290 2.
280 2227 372 2288 ultum
394 2228 438 2286 ire
454 2227 586 2306 sasinus
606 2227 769 2308 cupientes.
812 2228 1042 2310 liegesipp.lV.
1069 2231 1118 2292 50.
1143 2251 1198 2292 sso-

104 2330 199 2388 leutes
220 2329 315 2388 ultum
336 2327 382 2387 ire
402 2325 560 2390 iniseriam.
582 2325 609 2392 l.
631 2345 682 2408 27.
704 2345 774 2385 eum
805 2327 900 2388 ultum
924 2330 967 2388 iri
991 2327 1061 2412 (leg.
1083 2332 1139 2408 ire)
1146 2329 1198 2414 fi·

105 2431 165 2488 iius
188 2459 226 2476 -
242 2428 344 2512 patris
363 2426 493 2488 exitissm
516 2427 734 2488 destinavisset.
753 2423 783 2492 1.
799 2445 849 2509 ²9·
873 2427 969 2488 ultum
994 2428 1037 2488 iri
1059 2427 1131 2512 (leg.
1144 2431 1199 2508 tn)

107 2527 263 2610 cupientes
287 2527 489 2588 barbarorum
507 2526 657 2610 periurs'a.
678 2525 718 2591 V.
738 2525 790 2593 53.
814 2545 880 2588 csuu
898 2527 1089 2609 pertinacius
1108 2547 1141 2592 ss
1160 2525 1201 2590 de

104 2626 220 2688 civitas
245 2626 339 2686 ultum
360 2627 402 2684 iri
419 2623 489 2708 (leg.
511 2623 568 2702 ire)
586 2625 686 2686 vellet.
1057 2689 1061 2700 ,

189 2726 228 2789 tt.
271 2725 344 2786 adu.
365 2724 499 2786 maritos
519 2727 633 2800 aretas)
675 2728 697 2784 i.
721 2745 749 2784 e.
774 2724 901 2800 excitat,
927 2723 959 2784 in
981 2744 1069 2785 erma
1092 2725 1196 2786 conci·

106 2835 164 2888 tet.
209 2825 312 2908 Nepos
336 2823 474 2886 Hannib.
507 2843 674 2908 imusque
693 2823 784 2884 uliud
805 2821 981 2908 quidquam
1003 2825 1083 2904 egit,
1105 2847 1195 2908 quam

104 2947 205 3009 regem
234 2931 374 2986 armauit
405 2937 434 2984 et
457 2926 597 2984 coercuit
630 2923 679 2998 (nl.
708 2925 869 3000 excitavit)
897 2937 1006 2984 eorum
1032 2925 1197 2992 Romanos.

104 3023 220 3112 virgil.
242 3026 325 3088 Aen.
345 3025 387 3086 X.
408 3023 482 3108 598.
504 3021 651 3084 Aseadas
670 3057 710 3072 -
723 3022 839 3084 mixtus
861 3022 953 3086 dolor
971 3036 1001 3084 et
1015 3023 1122 3106 pudor
1139 3045 1196 3088 ar·

102 3139 171 3190 mat
187 3127 222 3188 iu
241 3125 344 3192 hostes.

187 3245 250 3290 rson
268 3222 464 3308 defendisset)
506 3223 528 3284 i.
551 3245 579 3292 e,
598 3223 682 3306 quod
703 3245 720 3285 n
742 3223 836 3286 fratre
856 3221 999 3300 insidias,
1030 3244 1101 3288 cusu
1132 3227 1196 3286 eir·

102 3326 352 3402 cumvenisetur,
379 3345 442 3386 non
466 3322 683 3406 propulsnseet.
726 3322 774 3384 De
797 3324 921 3386 notione
937 3323 1025 3386 verbi
1046 3319 1195 3404 desende-

103 3447 141 3490 ra
160 3425 222 3488 dixi
243 3429 275 3488 in
296 3425 432 3488 Praestet.
455 3445 486 3506 p.
500 3425 584 3484 Lut.

190 3525 280 3611 apud
300 3525 477 3588 Corinthum
500 3519 607 3604 suere)
655 3522 753 3584 Fuere
784 3543 843 3605 pro
872 3537 940 3585 siuet
958 3545 1013 3606 pes
1035 3523 1194 3606 enallagen

101 3627 159 3690 hie
179 3625 295 3688 dieitur
321 3624 559 3689 usitatissimum.
609 3623 661 3684 sio
688 3623 771 3684 inire
801 3645 868 3706 cap.
889 3622 921 3684 8.
943 3627 1003 3684 vix
1041 3627 1106 3706 ipse
1126 3643 1196 3684 essm

101 3730 171 3802 his,
190 3729 246 3812 qui
268 3728 311 3788 in·
321 3725 424 3788 eodem
439 3723 722 3805 navigiofueraut,
741 3724 901 3785 h'heratus.
921 3723 977 3784 ubi
986 3725 1122 3801 fueraut
1140 3743 1196 3803 pso

101 3839 196 3890 emus
216 3826 294 3888 dixit
314 3836 433 3887 unetos.
457 3823 526 3890 Lib.
560 3823 617 3884 lv.
644 3844 672 3884 s.
693 3825 805 3908 quippe
824 3823 909 3906 queis
928 3822 1099 3884 tmantmo
1121 3823 1195 3880 hae·

101 3941 246 3990 serat-
266 3929 422 4012 spssmsque
443 3937 472 3986 st
503 3923 560 4008 qui
577 3943 646 3983 oum
665 3945 700 3984 eo
721 3923 871 4000 inissent,
891 3921 1019 3982 retineri
1041 3943 1064 3982 a
1088 3923 1222 4010 Grae-¹

100 4029 158 4091 eis.
199 4028 249 4090 sie
269 4025 350 4090 ibid.
379 4046 407 4091 c.
443 4045 491 4108 ¹7·
515 4034 546 4084 et
575 4024 695 4104 passim.
738 4021 855 4082 Confer
876 4031 979 4082 notata
999 4021 1039 4085 nd
1057 4020 1112 4088 hb.
1137 4023 1193 4086 tv.

100 4149 143 4204 a,
164 4147 304 4211 quaeque
326 4125 368 4186 Η.
386 4122 605 4206 Cannegiterus
626 4122 659 4184 iu
680 4121 810 4183 Dissert.
830 4118 994 4182 Eruditiss.
1012 4120 1051 4182 de
1071 4121 1193 4182 Avieno

100 4251 134 4294 c.
158 4249 211 4290 αι.
236 4231 409 4292 moruus.
428 4247 459 4308 p.
482 4221 533 4308 98.

190 4337 319 4406 savem,
342 4326 397 4406 sm)
413 4323 438 4388 i.
449 4343 478 4388 e.
490 4325 689 4404 eonstituuut,
701 4320 878 4388 decernunt.
894 4321 1020 4386 Sueton.
1034 4323 1150 4388 Domit.
1162 4345 1193 4406 9.
