2766 4690
207 373 283 448 400
520 395 793 452 ommvsrroruss
818 395 855 450 m
881 397 947 449 ua.
971 399 998 448 1.

118 571 119 576 ἵ
205 581 352 648 Troianis
373 583 538 663 adferunt,
561 586 736 649 uniuersam
758 587 922 650 Graeciam
941 596 1052 650 contra
1070 608 1124 651 eoa
1143 587 1311 654 coniuras-
1363 575 1364 588 ¹

205 705 252 752 ses
292 685 410 759 Ibfflem
429 707 497 768 cap.
525 705 573 748 to·
596 686 748 769 Scythae,
784 690 839 771 qui
859 688 1015 750 mercandi
1035 691 1137 772 gretia
1155 689 1195 750 ad
1217 693 1311 753 Auti-

208 784 279 848 dcm
300 785 380 848 forte
399 785 601 869 appulerunt,
624 783 717 846 duces
736 786 804 848 viae
826 808 846 852 a
865 788 992 850 Graecis
1010 787 1200 872 deliguntur.
1225 791 1309 872 Cap.

211 883 261 948 16.
284 907 337 948 rex
368 886 554 968 Scytharum
585 905 656 946 cum
682 885 771 946 donis
790 885 828 946 ed
850 885 982 948 Graecos
1015 887 1168 948 adventat.
1213 889 1309 972 Apud

207 986 360 1048 neminem
380 995 466 1046 tanta
485 985 605 1068 Scythis
629 985 662 1044 in
680 985 763 1046 bello
782 986 918 1046 Troiano
938 1007 1011 1068 pars
1032 987 1199 1048 tribuitur.
1247 991 1308 1050 Fo-

206 1085 287 1148 bulis
315 1083 405 1168 paulo
427 1108 517 1168 supra
547 1087 671 1168 positis,
703 1087 821 1168 Dictyis
846 1087 946 1167 potuit
974 1085 1089 1168 impelli
1124 1089 1304 1170 ingenium,

205 1197 242 1248 ut
274 1207 377 1270 regem
406 1187 592 1270 Scytharum
616 1186 717 1267 ipsum
743 1183 854 1246 Aulide
875 1185 1006 1246 adfuisse
1028 1185 1166 1268 fingeret.
1210 1189 1307 1248 Forte

205 1287 304 1350 mam.
316 1290 349 1346 in
370 1295 474 1348 vetere
494 1286 628 1370 quodam
649 1295 739 1367 poeto
760 1283 827 1346 sons
847 1284 946 1360 latet,
969 1285 1051 1346 uude
1072 1296 1103 1346 et
1123 1307 1158 1346 ee
1179 1284 1306 1349 [luxisse

118 1376 128 1398 ⁶
205 1384 319 1447 dixeris
328 1430 341 1460 ,
362 1407 443 1468 quae
460 1407 496 1448 ex
519 1397 625 1446 nostro
646 1384 739 1446 modo
759 1385 884 1446 contuli.
925 1385 1067 1467 Aliquam
1086 1397 1206 1469 partem
1228 1389 1304 1470 Scy·

204 1486 267 1546 this
288 1487 320 1548 in
347 1489 442 1550 rebus
470 1487 594 1548 Troicis
626 1485 740 1546 tribuit
757 1488 850 1546 etiem
878 1484 1088 1548 Phiiostratus
1110 1487 1240 1554 Heroic.
1262 1487 1302 1546 II.

203 1607 237 1668 p.
260 1583 342 1672 687,
363 1589 418 1670 qui
439 1607 491 1650 ece
513 1604 576 1647 ona
596 1603 669 1647 oum
690 1585 787 1669 Mysis
814 1585 892 1648 duce
912 1585 1049 1668 Telepho
1070 1595 1179 1647 contra
1201 1587 1303 1647 Grae·

202 1705 255 1748 oos
273 1707 424 1770 pugnasse
442 1686 551 1749 tradit.
594 1685 688 1768 Apud
707 1683 888 1767 Euripidem
908 1685 1000 1747 Rhea.
1022 1683 1097 1764 426.
1118 1683 1243 1748 Rhesus
1255 1707 1301 1748 se-

203 1805 242 1847 ro
260 1784 403 1849 Troianis
426 1786 539 1850 auxilio
558 1786 665 1866 venit,
687 1805 707 1846 e
728 1785 849 1870 Scythis
862 1783 1048 1869 prohibitus.
1159 1838 1164 1846 ,

287 1883 405 1951 XXIII
426 1887 536 1965 Arrius)
577 1885 626 1948 De
645 1885 725 1947 Anio
751 1889 876 1969 eiusque
896 1885 1016 1948 filiabus
1036 1884 1105 1971 Iege
1138 1886 1242 1952 stura.
1260 1884 1299 1948 ad

201 1981 377 2068 Pherecyd.
408 1985 522 2071 fragm.
544 2007 578 2070 p.
601 2005 675 2070 209.
698 1995 729 2048 et
748 1985 864 2048 Fuohs.
888 1988 1014 2066 Quaest.
1035 2008 1067 2070 p.
1088 1985 1142 2070 96.
1160 2007 1209 2070 sq.
1253 1988 1297 2050 Ex

201 2083 322 2146 Lemno
330 2085 467 2150 Graecos
482 2107 577 2150 neves
589 2086 663 2149 vino
677 2096 820 2149 oneratas
830 2088 956 2148 Troiam
967 2087 1096 2162 duxisse,
1110 2088 1297 2148 conitetiam

203 2181 298 2250 Hom.
321 2185 360 2248 11.
389 2187 462 2251 VII.
483 2187 554 2271 467.
582 2185 621 2248 od
648 2207 739 2270 quem
771 2189 895 2271 respicit
917 2187 980 2248 Dio
1000 2185 1161 2271 Chryscst.
1181 2183 1295 2272 pseu.

201 2279 273 2351 vu.
294 2287 320 2352 1.
341 2285 447 2356 Reisk.
488 2288 538 2353 Ci.
559 2286 719 2354 Weloker.
739 2285 856 2374 TriIog.
877 2309 911 2374 p.
931 2287 1004 2356 515.
1024 2309 1073 2373 eq.

675 2585 689 2620 i
