2724 4680
423 401 463 458 IN
478 401 658 460 DARETEM
674 401 882 458 PHRYGIUM
1161 397 1204 460 Μ

186 595 291 638 manum
308 577 335 638 i.
349 575 456 654 diduri)
476 575 556 639 Libri
570 577 683 652 deducit
702 581 779 658 qnod
797 578 923 640 biterinnr
938 575 1076 658 explicere
1088 571 1206 638 Decerin

100 665 218 725 lnbnrnt.
260 663 384 724 Fmstrn.
427 661 592 740 Legendnrn
615 665 689 726 enirn
712 665 814 726 diduci.
863 664 975 724 Sellnnt.
996 663 1055 740 lug.
1079 660 1136 726 25:
1163 661 1206 720 di·

57 801 61 807 .
99 750 183 810 docto
202 765 282 810 meno
302 749 424 808 hostium·
445 749 494 808 nbi
509 769 535 808 v.
557 750 679 810 Cortiur.
720 749 803 812 Adde
819 749 1002 830 Oudendorp.
1017 749 1056 808 ed
1072 747 1154 807 Caes.
1168 747 1203 809 B.

100 835 277 900 0.11.6.-
310 827 834 916 Moxsg.1t1.et1).ceenquetuts.

189 951 330 1027 thsttas,
348 951 476 1034 Demoph.
496 952 565 1030 net.)
587 955 637 1032 sg.
657 953 753 1015 desidi
772 957 959 1029 commanus,
981 957 1008 1014 ei
1027 967 1125 1012 menum
1144 963 1207 1010 vet-

100 1045 193 1101 tentes.
216 1040 250 1100 C.
271 1039 428 1114 Hesiodum,
449 1039 633 1100 Demmantem
645 1045 671 1099 et
683 1041 790 1100 Anium.
813 1040 890 1110 Quid
904 1041 949 1100 hie
963 1039 1014 1099 sibi
1028 1040 1089 1098 vult
1101 1031 1208 1098 Aminei

99 1125 191 1186 Dares
212 1145 237 1184 e.
263 1127 320 1190 26:
350 1124 507 1185 Palamedes
523 1125 740 1202 Agammrnonem
760 1127 879 1204 tegetum
900 1127 984 1184 mittit
1004 1123 1042 1184 ad
1067 1121 1206 1196 Troilus,

100 1209 318 1289 Dmoptoonrem
341 1217 367 1270 et
383 1207 571 1283 Acamantem,
593 1229 657 1290 quos
674 1211 777 1288 legatos
793 1214 972 1287 Agamemnon
980 1206 1153 1287 praefecerat,
1175 1211 1208 1264 ut

100 1301 258 1354 commeatus
278 1301 457 1374 comparerent
483 1301 509 1354 et
531 1295 696 1372 frumentum
723 1296 756 1356 de
776 1290 920 1356 Moess'crn
942 1292 1056 1375 Tetspto
1072 1297 1208 1372 cereptum

100 1365 294 1460 supportarent.
346 1377 429 1441 Unde
456 1380 564 1440 ridetur
587 1381 759 1442 scribendum
788 1381 917 1440 Thesides
936 1377 1153 1458 Demophoontem
1182 1381 1208 1434 et

98 1467 290 1540 Acamantem,
311 1465 411 1526 deletis
433 1469 459 1523 et
480 1463 596 1538 Anium3
622 1483 707 1545 quum
733 1465 833 1526 Aninrn
851 1467 961 1544 ignoret
981 1467 1064 1525 etinnr
1086 1464 1208 1536 bennun,

99 1551 149 1610 Vl.
165 1551 206 1614 65
228 1570 344 1612 canens:
373 1535 480 1608 intereo
504 1549 614 1610 Moesus
636 1555 763 1631 properat
788 1551 894 1610 loturus
913 1552 1014 1610 om'star
1031 1547 1208 1630 Demophoon,

101 1637 245 1709 Garamas,
267 1639 294 1693 et
313 1640 340 1693 te
357 1631 476 1694 Tierida
494 1633 546 1712 (t)
562 1635 688 1694 volentem
704 1636 797 1696 Tertio
819 1655 886 1696 cura
904 1641 991 1694 noent.
1034 1633 1137 1694 Verum
1152 1651 1208 1692 non

100 1722 139 1782 nd
151 1720 287 1780 Moestum
303 1719 409 1794 solnm,
431 1721 483 1780 sed
496 1725 591 1779 eeteros
606 1740 718 1799 quoqne
733 1721 803 1782 loros
818 1725 926 1800 legntoe
942 1723 1125 1794 misnense,
1148 1716 1208 1778 Dn-

98 1825 144 1866 rer
163 1805 258 1868 reteri.
300 1803 404 1866 Nonne
423 1802 532 1864 Lesbon
553 1805 754 1882 intelligentie?
775 1805 823 1866 nbi
837 1807 925 1866 Anius
944 1814 975 1868 et
988 1805 1047 1866 eine
1063 1803 1135 1863 filine
1148 1803 1209 1862 irn-

99 1896 213 1963 nrentn,
240 1891 333 1950 vinnrn
355 1887 463 1967 elinque
485 1891 538 1950 eibi
559 1893 715 1951 necessaria
737 1892 853 1952 Graecis
873 1891 1042 1970 praebuere,
1063 1893 1093 1946 nt
1114 1887 1209 1947 scribit

98 1974 197 2052 Dictys
211 1971 232 2034 l.
251 1979 311 2047 233
331 1973 563 2053 seribendumque
575 1981 601 2034 et
618 1975 655 2034 od
668 1975 787 2036 Anium?
800 1976 845 2037 vel
858 1981 883 2036 et
896 1975 966 2036 alias
983 1973 1022 2034 nd
1032 1971 1153 2032 Anium?

182 2095 212 2152 im
226 2089 385 2168 latitudine)
406 2090 467 2152 ie.
485 2091 602 2152 diletntn
618 2096 648 2152 et
669 2097 784 2154 extense
805 2096 907 2155 fronte.
950 2093 1057 2156 Eadem
1073 2091 1209 2152 latinitate

98 2176 233 2322 &zemoze
255 2173 1209 2258 G.Vll.4tirunediofereecltss‘ntongttudinemurumprae-
1269 2237 1275 2258 ,

156 2277 184 2320 er
233 2305 240 2320 .

180 2360 335 2444 proturbat)
356 2361 398 2422 Μ.
415 2353 452 2422 Ι).
467 2367 496 2423 et
507 2357 543 2422 0.
556 2363 735 2441 peiuriamt.

183 2463 337 2543 redegttpse
350 2467 380 2524 in
396 2463 521 2542 Troiam)
542 2469 575 2525 nt
592 2463 654 2528 Lir.
674 2463 749 2524 XXI.
768 2457 806 2528 9:
828 2461 923 2542 firmem
938 2457 1120 2546 ⁸migetianam
1142 2457 1208 2542 (iro-
1243 2505 1250 2520 .

99 2548 183 2625 rtem)
204 2553 233 2608 in
251 2555 340 2611 caetra
354 2549 488 2626 redigunt.
1204 2609 1214 2627 ,

183 2643 316 2712 Proelium
334 2686 370 2698 -
384 2649 563 2729 iracundum)
585 2651 640 2712 Vix
660 2651 730 2712 ntiae
751 2651 872 2730 scriptor
896 2651 950 2712 hoe
973 2655 1085 2714 dicendi
1104 2673 1208 2732 genere

98 2756 164 2797 nsnr
179 2745 232 2798 est
250 2767 288 2783 --
310 2740 341 2796 in
352 2739 461 2818 primis)
481 2739 500 2797 i.
521 2757 545 2797 e.
563 2739 637 2797 inter
650 2740 754 2816 primos
769 2738 929 2812 pugnando.
952 2739 998 2799 Ct.
1011 2759 1035 2800 n.
1050 2743 1102 2804 29.
1112 2759 1207 2820 proce-

98 2823 141 2882 dit
154 2827 183 2882 in
192 2825 289 2902 primis
305 2823 421 2886 Troilus.
466 2823 555 2882 Bene.
576 2841 602 2882 r.
621 2821 742 2883 ndliiet.
758 2819 792 2884 ll.
810 2824 840 2884 3.

184 2942 264 3005 quum
278 2925 492 3002 congrederetur)
512 2923 553 2984 Μ.
567 2922 604 2984 Ι).
620 2928 650 2986 et
666 2925 704 2986 0.
719 2923 790 2984 dum.
811 2923 909 3000 Recte,
927 2925 955 2984 ni
970 2924 1060 3002 lnllnr,
1081 2945 1112 2987 se
1124 2921 1208 2988 habet

98 3007 161 3070 dum
180 3018 314 3088 sequente
327 3011 500 3071 coniunctim
514 3010 559 3068 hie
573 3015 604 3069 et
617 3025 641 3070 e.
656 3013 707 3075 33.
731 3009 776 3068 ubi
791 3007 899 3088 plurimi
910 3011 975 3070 libri
989 3009 1051 3070 dum
1059 3009 1208 3090 fugaretur

99 3097 141 3156 vel
158 3096 338 3177 segmentum
387 3094 462 3156 Nem
483 3097 524 3154 sic
545 3093 649 3174 passim
672 3095 843 3172 eoninngunt
862 3097 1010 3176 scriptores
1030 3101 1207 3173 reeentinrer,

98 3189 128 3242 et
140 3182 239 3260 plenas
253 3180 438 3262 exemplorum
455 3186 499 3242 est
510 3179 614 3240 Gnido.
627 3203 671 3226 -v-
700 3179 763 3248 Quo
771 3182 862 3258 pacto)
883 3182 902 3240 i.
918 3200 1053 3260 equare.

183 3283 271 3358 ignem
283 3286 424 3357 rmrcoerr)
445 3281 504 3344 Sed
522 3281 644 3340 nondum
666 3280 770 3342 illatum
789 3282 905 3342 nnuitsnn
921 3283 1015 3360 ignem
1028 3283 1208 3346 endivinrnei

97 3367 142 3427 En
161 3365 358 3444 negligentiam
378 3368 536 3446 interpretir
559 3365 652 3425 latini!
674 3361 776 3426 Omisit
801 3369 830 3425 in
853 3369 1101 3445 praecedentibus,
1122 3389 1206 3448 qnae,-

97 3451 228 3512 Pntroelo
243 3458 273 3512 et
285 3451 410 3515 Metione
423 3453 584 3524 interiectis,
598 3453 673 3511 ennit
683 3451 770 3513 leenn.
781 3453 817 3512 V.
827 3455 904 3516 267:
924 3457 1058 3533 poseitpse
1071 3453 1207 3530 (Hector)

94 3535 184 3614 jaces,
206 3543 404 3614 atque-igne
424 3544 497 3598 rates
509 3535 655 3616 populante
669 3541 774 3615 premit.
795 3541 944 3613 narretque
959 3538 1072 3600 Henrin
1088 3539 1136 3600 iol.
1149 3539 1205 3604 84:

97 3623 202 3765 feltor
221 3621 287 3681 triete
304 3621 350 3681 dle
368 3619 497 3684 ilrieeien
516 3639 552 3684 m
566 3621 617 3682 dem
632 3621 756 3700 &differs
779 3622 835 3684 stud
850 3623 938 3682 roottte
960 3621 1006 3682 die
1023 3622 1128 3702 Scliffe
1144 3643 1205 3684 oer-

114 3725 211 3768 renmen
221 3719 249 3768 tt.
260 3729 281 3767 s.
295 3717 327 3770 tt.

180 3809 427 3884 remuneraverunt)
448 3807 488 3868 Μ.
506 3806 543 3868 li.
558 3814 588 3868 et
606 3809 642 3872 0.
667 3811 880 3870 msnmeoerunt.
898 3829 942 3852 α·
963 3807 1052 3869 lseen
1070 3803 1106 3870 V.
1127 3805 1205 3878 278:

96 3894 142 3953 tttt
157 3913 234 3954 arma
248 3895 377 3975 saeespre
398 3895 500 3974 Sponte
514 3893 650 3968 relicturi,
678 3895 772 3971 galeas
793 3895 832 3954 nd
856 3899 950 3953 metues
970 3893 1069 3954 ineam
1093 3889 1205 3970 Oscula,

95 3983 259 4060 mutatisque
269 3987 365 4060 petunt
377 3985 494 4040 tentoria
502 3983 614 4059 pnrmtr.
636 3978 749 4040 lienrie.
764 4000 787 4062 e.
802 3979 844 4042 46
857 3979 904 4038 tol.
921 3979 979 4045 ὅδε
1001 3978 1051 4039 nn
1063 3981 1206 4042 tiotendie

96 4063 192 4124 licimo
210 4066 245 4124 tri
269 4065 325 4125 rtnd
347 4073 493 4126 umarmten
515 4065 571 4124 eund
589 4063 695 4124 trissten
714 4065 779 4124 siclt
822 4063 927 4124 Heitm
939 4064 994 4142 gni
1005 4065 1064 4126 dem
1077 4067 1152 4127 Aloe
1162 4071 1206 4128 ein

95 4155 175 4226 guter
192 4149 328 4226 Selenen,
350 4153 424 4211 Atax
446 4151 504 4210 dem
521 4146 625 4210 Halm
643 4153 720 4210 einen
738 4149 876 4210 lostinrm
891 4149 986 4211 amnt
1001 4171 1053 4211 nom
1066 4153 1138 4213 Gsld
1150 4153 1205 4213 und

96 4237 212 4295 Gestetn.
258 4233 322 4296 Und
334 4251 363 4296 es
383 4236 473 4297 werde
485 4235 583 4297 Friede
602 4233 738 4314 armarit,
757 4242 829 4297 sonst
847 4239 937 4297 mirem
954 4237 999 4298 ete
1011 4237 1205 4302 ammanite

95 4321 252 4383 cemanni«

941 4405 998 4456 A*

542 4572 593 4647 e·
