2782 4700
240 281 312 358 eti
639 303 759 352 otcrrs
792 303 972 356 emensis

225 517 379 618 fratres
403 515 518 588 multa
548 509 708 611 indigna
731 527 926 613 expertus,
961 514 1014 590 ad
1031 531 1251 616 postrenmo
1269 515 1306 590 ab
1345 473 1346 536 l

238 657 365 708 eorum
387 632 506 730 filiis,
540 628 750 727 Antiphate
795 647 832 704 et
862 631 1107 734 Polyphemo,
1145 633 1306 732 plurimos

237 752 421 824 sociorum
453 747 636 818 amiserit:
666 740 754 818 dein
783 769 853 844 per
885 747 1179 822 misericordiam
1210 748 1306 848 Poly·
1346 766 1347 830 l

235 867 363 972 piceni
387 869 426 936 in
451 865 653 937 amicitiam
679 877 867 960 receptus,
884 862 1011 960 filiam
1036 869 1139 964 regis
1160 865 1305 946 Arena.

233 997 430 1084 postquam
454 977 707 1076 Alplrenoris‚
732 982 828 1054 socii
850 983 949 1069 eius,
975 1005 1101 1057 amore
1123 975 1306 1079 deperibat,

236 1121 368 1199 rapere
392 1109 564 1182 conatus,
591 1091 656 1168 ubi
677 1119 737 1169 res
763 1097 914 1194 cognita
937 1111 1003 1180 est,
1030 1101 1237 1170 irueroeatu
1252 1121 1306 1194 pa·

235 1217 351 1294 rentis
371 1209 497 1310 puello
512 1207 637 1283 ablata
658 1232 729 1310 per
739 1215 828 1296 uim,
854 1227 1020 1303 exactus,
1041 1207 1234 1310 perAeoli
1255 1213 1300 1280 in-

236 1331 338 1408 sulas
362 1327 546 1402 devenerit
570 1324 622 1400 ad
644 1325 789 1416 Circen,
816 1343 926 1430 atque
950 1323 1111 1400 indeed
1137 1323 1288 1428 Calypso

239 1463 431 1548 utramque
457 1447 625 1544 reginam
650 1443 873 1526 insularum,
900 1448 938 1516 in
960 1446 1044 1542 quis
1070 1440 1304 1524 morabantur,

233 1587 284 1638 ex
309 1557 533 1662 quibusdam
561 1554 755 1632 inlecebris
782 1563 924 1634 animos
948 1558 1134 1654 hospitum
1156 1556 1306 1632 adano

234 1702 312 1754 rem
336 1680 400 1751 sui
433 1673 660 1750 inlicientcst
695 1671 782 1750 inde
804 1669 1001 1756 liberatus,
1028 1678 1245 1770 peruenerit
1264 1667 1306 1744 ad

232 1819 315 1870 eum
338 1791 470 1880 locum,
497 1794 537 1863 in
557 1812 643 1892 quo,
669 1787 850 1862 exhibitis
873 1783 1234 1887 quibusdcmsacris,
1244 1787 1305 1888 fu·

234 1927 320 1986 iuro
344 1905 609 2007 defunctorum
631 1905 765 1978 animis
789 1901 1092 1978 dinoscerentur:
1115 1922 1305 2004 postqum

231 2023 410 2126 appulsus
443 2019 660 2098 Sireuorum
688 2015 874 2116 scopulis,
906 2017 973 2094 ubi
991 2044 1062 2120 per
1095 2019 1306 2095 industriam

232 2141 411 2217 liberatus
435 2143 512 2214 sit:
537 2137 589 2214 ad
604 2150 833 2234 postremum
857 2139 955 2208 inter
975 2135 1136 2238 Scyllam
1160 2155 1199 2214 el
1223 2135 1306 2210 Cla

232 2256 392 2359 rybdim,
417 2279 520 2330 mare
541 2253 796 2329 saevissimum
814 2267 849 2325 et
863 2251 968 2326 illata
982 2249 1134 2326 sorbere
1158 2253 1305 2336 solitum,

228 2376 408 2478 plurimas
432 2375 585 2446 nauium
609 2377 700 2440 oum
716 2367 827 2440 sociis
860 2371 1037 2442 amiserit.
1086 2367 1146 2442 Itu
1171 2392 1212 2444 se
1235 2393 1305 2441 cum

231 2490 395 2568 residuis
430 2494 470 2562 in
493 2505 622 2556 manus
646 2481 876 2556 Phoenicum
895 2508 965 2582 per
989 2488 1109 2557 maria
1128 2483 1306 2584 praedan-

230 2611 321 2683 tium
354 2601 573 2687 incurrisse,
608 2609 719 2696 atque
750 2593 798 2669 ab
823 2597 883 2670 bis
916 2619 987 2696 per
1021 2597 1306 2674 misericordiam

228 2736 466 2800 reservatum
516 2710 653 2816 Igitur,
675 2711 734 2786 uti
762 2711 943 2806 voluerat,
968 2714 1131 2819 acceptis
1153 2715 1206 2791 ab
1231 2737 1307 2815 rege

227 2855 357 2916 nostro
383 2830 531 2908 duabus
555 2825 726 2918 navibus,
752 2825 993 2933 donatusque
1006 2830 1129 2906 multa
1153 2829 1306 2938 praeda,

228 2951 277 3030 ad
299 2949 502 3027 Alcinoum
527 2967 654 3048 regem
671 2941 890 3022 Phaeacum
914 2945 1138 3024 remittitur.

226 3233 272 3286 ΠΙ.
290 3249 333 3290 ao.
360 3229 560 3285 laodomam.
584 3236 613 3282 et
630 3231 692 3283 nlla.
728 3231 769 3283 At.
790 3233 938 3303 Cyclopum
954 3239 984 3288 et
1001 3235 1154 3308 Cyclopem·
1194 3237 1267 3290 lolia
1283 3231 1309 3291 S.

226 3301 297 3355 Gau.
319 3317 381 3372 opp.
399 3303 563 3366 amiserint,
581 3308 610 3352 et
626 3305 751 3356 Arenem.

294 3370 472 3443 Alpbenom's)
506 3371 548 3423 ltt
565 3371 630 3424 libri
649 3372 749 3436 nostri,
767 3390 824 3426 non
838 3374 1009 3444 Elpenorir5
1027 3375 1103 3446 quod
1120 3375 1236 3446 quidem
1257 3373 1307 3424 tto·

225 3443 355 3495 moricum
381 3457 481 3494 nomen
508 3447 561 3493 ert:
581 3441 630 3495 sed
646 3441 789 3511 Alpbonor
810 3443 857 3498 lde
878 3444 963 3496 Ulixis
990 3447 1079 3498 iccius
1098 3455 1213 3499 tumtur
1230 3447 1308 3496 etiam

225 3511 261 3642 δὴ
280 3513 398 3566 ilenrico
418 3511 556 3580 stannig.
586 3529 608 3564 s.
628 3513 671 3567 88.
691 3513 741 3570 iol.
763 3515 818 3567 160.
855 3513 895 3566 Ab
914 3515 978 3568 aliis
996 3517 1083 3571 tuost
1101 3518 1268 3571 nominatus.
1285 3527 1308 3565 t·

251 3587 306 3638 hu.

223 3725 274 3784 m.
292 3648 521 3794 militiai
545 3649 807 3781 ..itittfflbs't
822 3652 1309 3794 h:t;.,ti“t²ltssl..ll⁸u”t;‚i

222 3799 289 3850 Met.
307 3795 340 3845 ll.
360 3809 388 3861 p,
409 3809 464 3862 ¹7⁰·
484 3808 566 3865 quem
585 3790 655 3844 vide.
692 3791 759 3844 Edd.
776 3794 847 3862 vulg.
873 3808 900 3848 et
935 3794 1088 3848 uibusdam.
1106 3794 1240 3848 Scribant
1264 3793 1309 3846 ln-

222 3866 338 3921 terebris
361 3871 389 3914 et
419 3879 482 3914 mox
509 3863 665 3919 inlicientes
689 3862 714 3912 S.
726 3861 798 3914 Gall.
814 3881 869 3918 soc.
890 3867 902 3916 l
928 3866 999 3927 ,Ed
1024 3865 1112 3919 Ptine.
1138 3873 1166 3917 ct
1190 3865 1259 3918 Obr.
1278 3889 1309 3905 -·

224 3940 254 3990 ln
271 3953 347 4007 seqq.
366 3931 514 4001 Wopkens.
537 3951 562 4002 p.
585 3951 640 3985 roo.
659 3931 719 3984 vult
736 3931 810 3988 urtds
828 3936 970 3989 liberatus.
1006 3935 1054 3991 Ed.
1066 3935 1139 3989 Crat.
1158 3933 1191 3988 di
1211 3951 1310 3986 nosce-

222 4020 326 4061 rentur.
364 4005 442 4060 Boru.
465 4010 494 4054 et
523 4003 550 4059 S.
572 4003 644 4056 Gall.
663 4019 725 4076 opp.
769 4005 917 4077 Postquam
941 4007 1080 4076 appulsus.
1116 4005 1165 4058 lid.
1212 4005 1255 4062 br.
1272 4003 1310 4057 ibi

219 4096 271 4150 per
289 4074 463 4128 industriam.

287 4147 429 4210 voluerat)
464 4145 541 4197 Rern.
561 4153 590 4194 et
608 4143 635 4193 S.
652 4143 723 4196 Gall.
745 4161 807 4214 opp.
830 4145 961 4199 voleurit.

272 4235 275 4244 ’
290 4214 451 4284 remittitur)
498 4214 610 4268 Raurici
627 4229 650 4274 c.
670 4217 715 4272 88.
732 4213 780 4269 lol.
809 4217 867 4272 son.
886 4213 968 4272 verba
985 4213 1073 4268 latine
1088 4220 1207 4270 auant:
1228 4209 1311 4278 „ido-
