2766 4690
251 437 256 442 Ι
391 353 668 410 oumrauoues
692 355 731 410 tu
756 357 821 408 us.
848 357 887 409 ιι.
1107 335 1181 410 405

94 542 178 624 apud
187 541 301 626 Dietyn
324 563 446 627 quoque
468 542 595 606 eandem
615 541 758 605 medendi
778 545 925 606 rationem
948 553 1099 610 exercent.
1123 545 1182 606 At-

92 643 150 726 qui
183 643 350 706 secuudum
386 644 566 719 Are-tinum,
601 643 688 706 euius
707 663 743 704 ex
762 641 943 726 Aethiopida
962 665 1067 707 versem
1086 665 1180 728 quam

93 741 310 805 memorabiles
330 751 468 804 servatos
488 739 612 822 legimus
633 743 665 803 iu
685 741 815 803 scholiis
836 743 961 804 Homeri
982 741 1020 804 ll.
1042 743 1095 808 xl.
1108 747 1181 827 73²,

92 841 290 924 Aesculapius
309 841 473 903 Machaoui
506 842 659 902 tribuerat
683 849 780 903 artem
801 841 945 904 medendi
965 843 1052 904 malis
1071 865 1181 926 eorpo-

92 945 137 1002 ris
158 941 306 1019 externis,
325 939 480 1002 Podalirio
500 949 603 1002 autem
621 939 737 1002 morbis
757 940 920 1008 intestinis.
961 940 1179 1024 Fragmentum

43 1077 49 1088 ·
92 1043 246 1103 recensuit
265 1049 297 1103 et
317 1039 479 1104 illustravit
493 1039 637 1102 Welcker
657 1041 689 1100 iu
711 1039 854 1102 Hecher's
873 1040 1098 1102 litterarisebsn
1111 1041 1181 1102 Aa·

90 1139 184 1202 nalen
205 1140 262 1201 der
285 1149 468 1222 geaammten
490 1137 686 1217 Heilkunde,
709 1137 768 1200 Ild.
790 1157 840 1206 aa.
868 1139 911 1200 ll.
933 1139 970 1217 13
992 1137 1039 1200 vel
1062 1140 1094 1201 in
1115 1141 1180 1201 siu-

91 1239 196 1324 gulari
216 1261 252 1302 ex
274 1237 333 1300 illis
353 1236 520 1305 Annalibus
539 1258 648 1304 ucuso
673 1235 799 1312 libello,
823 1238 877 1321 qni
897 1239 1100 1300 inscribitur:
1120 1239 1180 1300 Die

91 1337 220 1402 altesteo
251 1339 416 1422 Zeugnisae
444 1337 495 1398 liir
514 1341 618 1399 ionem
654 1335 826 1398 lleilkunde
852 1337 903 1398 bei
936 1335 993 1400 den
1016 1337 1178 1404 Griechen.

91 1439 201 1500 Berlin
235 1435 324 1500 1822.
356 1457 389 1520 p.
416 1457 427 1500 ι
453 1457 519 1520 sqq.
552 1469 592 1486 -
625 1434 675 1499 De
703 1455 777 1497 cora
810 1434 938 1520 Telephi
968 1435 1106 1498 vulneris
1131 1435 1175 1498 el.

92 1559 123 1601 c.
149 1559 196 1601 ιο.

174 1638 305 1715 Rerum,
330 1653 409 1720 quae
426 1634 486 1698 hoe
505 1646 536 1699 et
556 1634 759 1718 praecedente
783 1655 850 1719 cap.
872 1643 1061 1712 narrentur,
1083 1633 1178 1698 aliam

90 1745 200 1802 testem
218 1735 373 1800 desideras
408 1736 511 1800 Etiam
526 1735 753 1813 Philostratus,
776 1735 829 1817 qui
849 1746 949 1797 cetera
971 1737 1091 1817 copiose
1109 1743 1174 1794 tra·

89 1849 173 1918 etat,
193 1837 376 1924 legationem
394 1856 504 1920 resque
523 1837 555 1896 iu
575 1855 610 1898 ea
631 1845 729 1918 gestas
762 1837 881 1897 renat
922 1833 1084 1916 Uterque,
1107 1833 1178 1914 qui·

91 1940 153 2002 bus
173 1959 234 2000 uon
265 1936 360 2000 alium
391 1946 456 2000 tam
478 1935 606 1998 uberem
626 1935 665 1998 de
685 1933 814 2019 Telephi
833 1945 864 1996 et
883 1933 1072 1995 Graeeomm
1092 1925 1177 1994 laetis

89 2049 246 2101 auctorem
267 2036 532 2100 adnumerandum
564 2035 680 2116 haheo,
699 2035 814 2120 quique
836 2035 867 2095 in
890 2033 998 2117 amplis
1017 2033 1080 2094 suis
1101 2053 1175 2092 nar·

91 2141 263 2202 rationihus
297 2149 327 2200 et
347 2137 404 2220 ipsi
424 2158 486 2199 non
506 2139 698 2200 consentiunt
709 2183 719 2214 ,
739 2137 884 2198 videntur
905 2147 976 2195 ante
997 2132 1103 2195 oculos
1122 2132 1175 2192 ha·

89 2239 193 2301 baisse
213 2249 242 2300 et
262 2259 319 2299 suo
337 2240 465 2320 quiupm
485 2257 570 2298 moro
591 2235 786 2298 adumbrasse
806 2236 991 2316 antiquiores
1014 2234 1045 2293 lu
1067 2231 1176 2314 primia

88 2339 277 2421 tragicorum
316 2335 454 2412 fabulas,
479 2333 584 2420 quales
604 2334 643 2396 de
667 2331 794 2416 Telephi
815 2333 884 2394 satis
905 2353 966 2394 non
988 2351 1102 2415 panem
1122 2351 1173 2394 aa·

91 2440 236 2501 stiteriut.

173 2537 246 2600 Vll.
287 2536 564 2612 mare-saevire)
606 2531 706 2616 lgitur
727 2531 851 2594 Troiam
875 2532 1176 2612 navigaturisGrae·

89 2639 135 2702 cis
158 2640 256 2699 saevit
281 2657 390 2715 mare;
423 2633 555 2696 meando
584 2643 683 2694 autem
710 2642 803 2693 vento
835 2631 987 2691 Boeotiam
1008 2637 1175 2690 revertun-

90 2749 156 2802 tur.
197 2736 239 2800 As
268 2747 377 2799 contra
397 2735 584 2818 Cypriorum
617 2735 747 2813 scriptor
770 2729 899 2804 cecinit,
924 2731 1117 2790 Graecorum
1137 2749 1173 2790 ex

89 2840 189 2922 blysia
211 2837 371 2900 Graeciam
400 2831 646 2918 renavigantium
668 2841 773 2892 exorta
798 2835 974 2912 tempestate
996 2846 1089 2890 naves
1110 2825 1173 2890 dis·

39 2975 46 2988 ·
89 2941 183 3001 lectas
203 2959 279 3000 esse.

172 3059 214 3100 ex
233 3040 279 3099 hri
299 3034 374 3098 locis
397 3033 520 3096 Troiam
538 3029 718 3113 usurpandi]
768 3027 851 3089 llaec
871 3046 949 3087 vero
969 3043 1079 3106 magna
1100 3045 1174 3108 geo*

88 3135 235 3221 graphiae
256 3135 420 3220 ignoratio.
468 3131 566 3215 Mysia
579 3133 683 3222 enim,
704 3125 738 3188 iu
756 3147 817 3210 qua
837 3125 978 3210 regnavit
999 3123 1172 3208 Telephus,

88 3239 227 3322 proxima
245 3234 385 3297 Troadis
415 3251 471 3294 nec
504 3229 626 3314 navigio
645 3248 741 3311 opus,
764 3237 801 3288 ut
820 3247 855 3288 ex
874 3247 909 3287 ea
934 3221 1018 3285 illam
1038 3223 1172 3308 attinge·

87 3345 178 3413 rent,
199 3333 277 3396 etsi
301 3331 422 3416 navigio
442 3333 486 3392 uti
506 3328 632 3402 vellent,
656 3347 711 3389 ora
730 3333 850 3388 tautum
871 3322 1010 3408 legenda.
1032 3324 1173 3390 Manere.

88 3437 138 3497 Cf.
161 3433 301 3496 Perizon.
321 3433 401 3494 Dias.
423 3438 452 3507 ς.
476 3429 593 3500 XXlll.

51 3605 62 3616 ⁵
170 3554 308 3595 enemre
328 3529 506 3606 decoram)
548 3523 726 3608 Epistulam,
749 3542 842 3605 quarn
864 3521 1074 3604 Agamemnon
1096 3515 1172 3579 Tal-

88 3629 198 3716 thybio
220 3631 344 3694 dederat
375 3629 620 3714 clytemnestras
645 3620 828 3698 ferendam,
858 3631 894 3681 ut
917 3619 1104 3702 lphigeuiam
1130 3616 1171 3676 ad

88 3733 210 3814 nuptias
230 3751 300 3791 cunr
322 3727 438 3792 settle
460 3723 654 3789 celebrandas
676 3720 819 3784 Aulidem
839 3720 997 3790 mitteret,
1033 3713 1170 3777 lllenela·

85 3829 153 3892 lau's
175 3829 330 3911 praeconis
355 3825 494 3888 manibus
516 3825 547 3886 vi
568 3821 705 3907 eripuit,
730 3818 814 3882 uude
844 3817 907 3878 risa
930 3817 1010 3877 inter
1040 3817 1171 3896 Agame·

86 3947 233 3988 mnonem
255 3937 285 3988 et
316 3925 488 3988 Menelaum
512 3934 591 3989 orte.
632 3911 1029 4000 Eurip.1ph.uul.503.
1069 3913 1172 3974 Forte

85 4027 167 4089 hane
187 4025 354 4088 similemve
374 4025 470 4088 rixam
491 4023 596 4104 Dictys
616 4041 675 4102 pro
693 4017 795 4079 lubitu
816 4013 972 4076 tractavit.

170 4125 227 4186 lx.
287 4127 452 4186 Graeciam
474 4120 668 4206 pervagatus)
718 4113 861 4177 Deiectus
899 4110 1051 4188 militum,
1078 4127 1171 4190 quem

82 4223 266 4291 Palamedes
288 4243 345 4308 per
358 4225 514 4288 Graeclam
528 4221 598 4304 egit,
615 4215 753 4282 meminit
773 4213 896 4278 Servitu
919 4209 961 4274 ad
979 4209 1056 4274 Aen.
1065 4208 1104 4276 ll.
1117 4205 1170 4270 er.
