2860 4688
233 379 305 460 tto
595 391 727 456 ,nterrs
751 387 932 442 cremesa

231 597 318 676 dem
350 595 485 669 aetatis
510 607 595 666 tuae
622 585 929 686 contemplatione
950 599 1061 686 atque
1085 583 1218 656 irarum
1239 603 1321 681 pre-

231 739 315 791 cum
340 711 499 788 cadaver
523 711 732 795 restituam,
759 725 875 806 neque
900 727 1060 805 unquam
1086 704 1324 784 committam,

234 847 295 916 ut,
325 825 428 933 quod
453 829 493 901 in
517 821 686 900 hostibus
709 818 1035 920 comprehenditur
1058 821 1198 894 crimen
1223 819 1326 893 mali·

234 951 327 1036 tiae,
362 950 441 1045 ipse
466 939 626 1018 subeam.
890 1037 893 1046 Ι

338 1063 479 1138 XXVI.
532 1055 593 1134 Ad
616 1081 661 1132 ea
686 1055 873 1144 Priamus,
898 1070 1080 1130 renovato
1095 1051 1192 1128 {lesu
1210 1077 1329 1154 quarn

235 1176 463 1260 miserabili,
488 1173 582 1248 Non
604 1175 686 1248 sine
710 1169 860 1245 decreto
885 1167 1009 1244 dirum
1032 1169 1188 1246 adversa
1210 1171 1325 1240 bomi-

235 1297 346 1376 nibus
371 1299 533 1380 irruere,
560 1290 636 1363 nitt
659 1285 770 1362 deurn
794 1289 929 1391 quippe
951 1304 1140 1366 auctorem
1163 1286 1324 1388 singulis

236 1407 457 1488 mortalibus
491 1403 580 1482 boni
602 1403 762 1507 malique
793 1427 892 1478 esse.-
925 1427 1062 1510 aeque,
1096 1411 1160 1480 cui
1184 1402 1328 1478 beatum

235 1553 317 1606 esse
350 1527 493 1620 licitum
528 1523 595 1612 sit,
632 1523 848 1622 cuiusquam
882 1521 921 1594 in
953 1545 1036 1596 eum
1062 1526 1142 1597 uim
1174 1524 1330 1595 inimici-

238 1651 384 1748 tiasque
405 1637 620 1742 procedere.
674 1633 845 1712 Ceterum
860 1659 901 1712 se
921 1636 1060 1714 diversi
1073 1654 1208 1742 portus
1225 1640 1330 1740 quin·

238 1763 423 1866 quaginta
435 1755 610 1855 filioram
622 1767 779 1853 patrem,
797 1749 1047 1829 beatissimum
1065 1779 1195 1856 regum
1216 1757 1331 1826 omni-

239 1901 301 1954 um
338 1871 523 1950 babitumt
559 1867 611 1946 cd
641 1883 870 1971 postremum
910 1869 1132 1951 Alexandri
1173 1867 1331 1946 anilem

238 2175 377 2232 agnosco,
396 2173 448 2212 nee
465 2175 526 2212 curn
546 2157 622 2210 Anne
641 2156 786 2227 legendnm
805 2157 925 2212 arbitror
940 2161 1091 2232 perniciem
1111 2159 1251 2231 publicans
1271 2161 1330 2212 exi-

236 2235 282 2288 tio
300 2235 361 2286 eius
378 2233 528 2300 transigat.
565 2229 644 2280 Nihil
662 2230 736 2282 enirn
760 2231 857 2284 'l'ullio
882 2233 1001 2302 aliisque
1029 2233 1219 2303 frequentius,
1247 2245 1328 2300 quern

240 2303 275 2358 de
295 2301 513 2371 retransigere,
539 2299 684 2365 decidere,
704 2303 859 2376 conficere,
884 2319 934 2369 pro
954 2303 1102 2369 transigere
1128 2311 1178 2354 eet
1201 2298 1232 2353 id
1255 2299 1329 2370 qnod

241 2377 278 2433 ro
300 2390 357 2427 retn
380 2375 456 2424 illem
477 2373 586 2426 attinet.
622 2370 719 2491 Ngque
738 2391 797 2426 eum
815 2373 900 2441 ningit
921 2372 985 2422 hinc
1004 2373 1222 2432 eliminandum,
1249 2385 1331 2440 quern

242 2463 276 2500 ex
295 2443 337 2496 his
359 2445 396 2494 lo.
416 2441 624 2494 Serisberienris
663 2441 738 2502 clicr,
760 2443 807 2499 vt.
826 2444 867 2509 nl.
880 2446 976 2497 omnia
994 2459 1113 2516 namque
1131 2461 1193 2496 eunt
1207 2443 1331 2514 pretin-

242 2513 388 2572 obtr'nebis.
406 2513 579 2584 infinitisque
598 2513 667 2564 locis
686 2514 768 2576 aliis,
788 2530 905 2582 qnorum
932 2515 1066 2566 nonnulle
1092 2514 1204 2581 collegit
1230 2511 1335 2564 Perizo-

242 2587 307 2640 nius
333 2585 368 2636 nd
388 2585 477 2636 Senot.
497 2585 564 2636 Min.
584 2583 628 2634 lV.
646 2586 671 2634 6.
696 2587 722 2644 8.
740 2585 884 2636 Worrrrs.
903 2601 928 2654 p.
946 2587 989 2640 66.
1026 2585 1097 2638 Huic
1117 2583 1208 2636 ferere
1226 2581 1333 2634 videtur

244 2655 373 2713 Oudend.
395 2655 429 2708 sd
449 2655 526 2726 Apul.
548 2656 612 2706 Met.
631 2653 676 2703 111.
694 2671 720 2724 p.
740 2657 800 2709 526.
837 2653 951 2706 Sordem
971 2671 1003 2704 nc
1021 2655 1175 2706 barbariem
1200 2653 1261 2704 loco
1285 2653 1335 2704 ad·

243 2727 374 2790 haerere,
391 2743 472 2780 nemo
493 2725 668 2779 diffitebitur.
706 2723 900 2780 correxeram:
919 2729 1080 2799 qui-eum
1088 2725 1334 2796 perrsiciepnsblica
1380 2755 1381 2768 .

243 2801 331 2854 esitio
353 2800 414 2852 eius
430 2801 582 2868 transigat,
602 2798 619 2848 i.
639 2811 662 2846 e.
684 2797 733 2867 qni
753 2797 842 2851 occisi
862 2795 967 2848 Heleni
984 2797 1064 2848 liniat
1080 2797 1230 2864 perniciem
1242 2795 1335 2864 publi-

245 2887 322 2922 cans:
350 2877 382 2920 nt
403 2869 489 2922 Tacit.
518 2871 577 2937 Agr.
596 2867 638 2933 34.
657 2868 806 2938 wansigite
826 2883 886 2922 cum
904 2865 1135 2938 expeditionibus.
1172 2867 1250 2934 Apul.
1278 2865 1294 2916 l.
1316 2865 1334 2916 Ι.

244 2955 306 2996 etta
321 2939 384 2993 lttoe
398 2939 454 2991 iarn
471 2949 653 3010 transegerat.
691 2938 746 2990 Sed
765 2939 863 2990 iterum
881 2937 1119 2992 merevoeeveresn
1138 2936 1173 2989 sd
1182 2935 1337 3005 transigere

244 3007 280 3066 tle
298 3026 348 3074 re,
372 3008 467 3060 Grsec.
486 3007 718 3078 διαπράττεσθαι
734 3013 802 3079 περί
822 3025 920 3077 essor5
944 3015 973 3060 et
990 3008 1206 3078 explicaremus:
1233 3009 1281 3076 qni
1300 3007 1336 3059 de

245 3080 370 3150 pernicie
389 3080 501 3146 publice
519 3077 675 3132 emolienda
694 3087 755 3148 sgst
765 3099 776 3146 ,·
799 3088 827 3132 et
844 3097 905 3134 eum
922 3081 1010 3133 exitio
1028 3079 1142 3131 bsrbsre
1160 3078 1263 3130 dietum
1281 3085 1337 3129 sts-

246 3157 374 3211 tuersrn,
395 3165 462 3218 pro:
482 3157 510 3200 et
529 3149 662 3202 Helenam
681 3150 828 3202 interliciat
838 3170 850 3218 ,·
866 3151 912 3203 rel
929 3151 1034 3204 Helene
1053 3158 1142 3201 morte
1160 3147 1282 3200 mutua.

316 3217 414 3273 lrerum
450 3229 556 3280 recum)
591 3219 666 3272 MSS.
686 3229 715 3272 et
733 3218 779 3270 Ed
799 3220 865 3272 Obr.
882 3219 987 3274 borum.
1023 3221 1237 3290 Intelligendum
1257 3225 1339 3272 esset:

246 3289 410 3351 liberorum,
421 3238 593 3354 litysnrctis
606 3296 635 3340 et
652 3289 852 3344 Leodamantis.
869 3293 954 3362 Atqui
966 3291 996 3344 hl
1013 3289 1086 3344 nibil
1101 3295 1259 3356 στενωπή
1277 3307 1341 3342 orn·

248 3369 347 3412 verant
367 3367 457 3412 eutem
478 3359 665 3412 Andromache
681 3359 715 3430 (e.
735 3367 792 3428 sn.)
819 3371 848 3414 et
865 3362 1004 3428 Polyxena
1025 3363 1060 3428 (e.
1079 3360 1135 3430 nl.)
1170 3361 1264 3432 Quare
1281 3375 1340 3412 rne-

248 3431 305 3483 lius
325 3436 353 3482 et
372 3438 515 3498 praeterea
534 3431 703 3484 commodius
719 3431 868 3484 arbitratus
882 3449 942 3484 sum
963 3431 1061 3488 barum
1076 3449 1203 3504 precum,
1225 3439 1256 3482 ut
1274 3429 1342 3500 legi-

159 3543 169 3558 .
250 3511 296 3554 tnr
316 3501 345 3552 in
365 3501 413 3556 Ed.
433 3503 516 3556 Ptine.
527 3537 536 3565 ,
559 3500 631 3554 Cret
652 3509 682 3554 et
699 3500 800 3569 Merc.,·
820 3503 878 3554 sire
895 3504 1049 3571 intelliges:
1069 3502 1165 3556 herum
1179 3501 1342 3568 mulierum

250 3573 308 3626 sive
328 3571 489 3624 femininum
509 3587 595 3638 genus
613 3572 734 3624 nominis
751 3571 916 3626 substantivi
934 3571 1071 3644 respicias.

323 3641 415 3694 XXVl.
471 3660 535 3698 uam
553 3641 719 3712 miserabile)
755 3641 804 3696 Ed.
829 3643 916 3697 Princ
942 3663 1001 3718 qua
1024 3643 1190 3699 miserabile·
1226 3645 1258 3698 ln
1284 3659 1342 3714 seq.

252 3713 331 3766 Bern.
353 3720 382 3764 et
399 3711 425 3764 S.
445 3663 515 3766 gali
528 3727 594 3782 opp.
614 3729 668 3764 orn.
684 3715 754 3767 sine.

324 3785 373 3836 ersi
391 3781 511 3854 beatum)
548 3782 595 3835 Ed·
616 3782 689 3839 Crat.
709 3791 739 3836 et
755 3782 839 3837 Mero.
861 3782 974 3858 quoad,
1002 3793 1034 3837 nt
1052 3785 1122 3838 citet
1143 3785 1227 3836 etiem
1254 3785 1343 3840 Wrss,

253 3853 290 3922 etl
311 3851 376 3907 salt
416 3853 491 3906 Libri
510 3857 563 3908 tnei
583 3851 660 3927 quod
675 3871 725 3922 pro
743 3853 855 3924 quoad,
873 3863 903 3906 ut
922 3858 1026 3908 centies
1047 3857 1076 3908 in
1097 3855 1176 3906 MSS.
1211 3856 1345 3924 Aequiss-

252 3928 328 3978 eenti
349 3930 378 3978 in
398 3924 447 3977 hac
470 3927 587 3976 lectione
604 3927 635 3976 in
654 3941 729 3995 seqq.
749 3941 798 3992 pro
820 3929 852 3978 in
870 3943 929 3979 eum
948 3925 1137 3994 corrigendum
1157 3932 1230 3979 esset
1248 3928 1277 3977 in
1289 3925 1346 3976 ali-

231 4013 334 4115 ¹geom
345 4033 353 4058 ‚
372 3998 415 4047 vel
436 3999 465 4048 in
484 4014 545 4058 eos,
567 3995 626 4046 scil.
644 3993 781 4049 mortsles.
813 3995 943 4066 Recipere
959 3999 1047 4050 visum
1067 4003 1110 4049 cst
1127 3995 1274 4048 lectionesa
1292 3993 1346 4048 Ed.

282 4067 342 4118 bn:
363 4075 449 4117 totum
474 4067 564 4118 locum
586 4064 705 4134 expedio
727 4067 756 4118 in
776 4062 864 4117 Glorr.

325 4133 365 4191 ad
378 4139 555 4209 postremum)
592 4135 640 4188 Ed.
665 4135 731 4188 Obr.
757 4147 786 4187 at
809 4151 896 4208 postr.
933 4135 1010 4188 Libri
1034 4138 1088 4188 mei
1109 4135 1273 4204 simpliciter
1294 4149 1348 4202 po·

254 4217 391 4258 stremum.
430 4207 545 4260 Servent
565 4203 605 4257 ed
620 4204 799 4262 Ed.Cret.rt
818 4209 898 4262 Merc.
935 4207 1058 4274 Per-gitur
1076 4207 1105 4257 in
1130 4205 1210 4259 libris
1228 4205 1296 4256 meis
1315 4209 1346 4252 et

253 4275 339 4332 Herc.
356 4277 434 4333 Ale-r·
451 4291 509 4332 nat·
529 4275 619 4343 diem
635 4293 716 4349 quens
737 4279 848 4332 evitari.
884 4277 933 4332 ee.
952 4279 1025 4334 Cret.
1043 4295 1124 4352 quem
1144 4269 1258 4334 ¹esitare.
1294 4273 1345 4328 Ed.
