2698 4688
691 261 711 296 s

257 337 389 390 ssmii
719 333 894 387 minottn

255 524 341 588 colia
359 523 419 586 alia
438 521 637 595 castineria,
666 525 745 605 quae
763 525 839 586 istoc
858 525 982 586 nornine
999 523 1221 606 designaretur.
1246 513 1279 584 ”iz

215 689 216 696 χ
254 625 330 704 ἰωπ,
355 624 536 686 Strabonem
552 623 684 702 tradere,
705 623 811 685 urbem
833 624 919 686 istius
936 623 1053 685 insulae
1075 634 1136 684 oon
1160 623 1203 684 ab
1230 621 1279 684 Ae

255 727 308 789 aad
329 747 348 787 a
370 725 486 786 Cnidiis
503 722 668 801 conditam,
689 721 746 786 liis.
770 725 843 785 vll.
865 745 897 807 p.
920 723 991 789 5¹5·
1278 725 1279 728 ’

340 825 475 890 xxvii.
516 824 615 884 Porro
646 835 745 885 autem
775 845 868 907 quam
891 825 1027 907 ineptum
1048 835 1092 886 est
1112 834 1145 885 et
1171 822 1279 884 aiienu

254 926 379 988 Troiani
403 925 546 1006 temporis
564 927 729 1006 scriptore,
759 925 843 1007 quod
862 935 1010 985 memorat
1031 924 1071 984 de
1087 925 1183 984 literis
1210 925 1279 984 Pon

254 1026 294 1088 ai
324 1023 441 1085 Cadmo
475 1023 648 1109 Darraoque
671 1023 809 1102 auditu,
841 1023 952 1108 quibua
976 1025 1007 1085 in
1038 1023 1261 1086 conscribenda

255 1123 381 1186 historia
403 1143 475 1184 usur
499 1123 560 1202 sita
592 1133 624 1184 et
648 1122 688 1184 de
713 1123 889 1186 diversitate
911 1125 1055 1185 sermonis
1091 1125 1171 1184 inter
1200 1123 1279 1184 Grac

256 1224 350 1284 immo
378 1233 408 1284 et
433 1224 512 1305 ipsos
537 1222 664 1304 Cretae,
692 1223 781 1284 unius
811 1222 946 1300 insulae,
974 1221 1100 1285 incolas.
1122 1219 1225 1284 ‘Nam
1246 1225 1279 1284 lit

256 1327 360 1407 utique
392 1323 505 1384 diversi
533 1323 649 1406 generis
687 1343 748 1384 non
788 1321 961 1386 habueruut
994 1321 1194 1407 antiquissimi
1222 1325 1279 1384 Gra

257 1425 369 1507 quippe
386 1443 463 1505 quos
476 1425 557 1484 inter
574 1441 661 1484 carue
678 1426 805 1484 omuino
823 1433 889 1484 erat
908 1422 1065 1486 literarum
1082 1441 1174 1486 naua·
1208 1423 1279 1485 ricc

257 1535 327 1593 aaut
346 1543 396 1585 aaa
415 1543 451 1585 cx
478 1522 659 1601 Phoenicia,
696 1543 773 1606 quas
796 1507 908 1584 ¹auctor
932 1523 1066 1585 Punicas
1097 1523 1167 1585 idco
1194 1521 1279 1596 dicit

254 1633 373 1706 praeter
398 1643 473 1707 quaa
492 1620 594 1686 nullas
614 1621 658 1685 iiii
677 1622 751 1685 aiios
775 1622 928 1686 habebant
950 1633 1010 1695 aut
1030 1633 1150 1692 norant.
1192 1623 1279 1700 Quor

254 1722 328 1808 quid
344 1743 421 1806 opus
437 1734 514 1800 erat,
531 1726 578 1786 aui
600 1725 745 1806 temporis
760 1721 909 1798 homines,
928 1742 1063 1806 quorum
1075 1733 1177 1785 tameo
1190 1725 1272 1784 ratio

252 1826 333 1886 xime
350 1823 482 1886 babetur
499 1842 517 1885 e
534 1821 748 1906 scriptoribus,
770 1843 950 1901 munerasse
964 1823 1003 1886 iis
1024 1821 1119 1886 literis
1142 1843 1243 1899 ustun,
1267 1843 1279 1906 q

254 1919 343 1987 aolae'
356 1933 431 1986 tuuc
452 1921 512 1986 iilia
531 1933 618 1984 amnt
631 1928 745 1985 nome?
786 1915 893 1984 Nonne
916 1923 1035 2006 ineptus
1063 1933 1140 1984 eaaet
1160 1920 1264 2000 hodie,

256 2023 382 2086 doceret
402 2021 546 2100 lectores,
570 2043 603 2086 aa
623 2022 736 2085 librum
757 2043 848 2084 auum
868 2021 1010 2097 edidisse,
1040 2033 1105 2084 arte
1124 2019 1279 2106 typograpi

220 2128 226 2139 ’
256 2141 413 2202 excusum,
434 2143 513 2206 quae
532 2125 656 2184 inventa
677 2121 717 2185 ait
736 2131 807 2182 aute
828 2120 885 2184 hos
905 2122 1052 2184 ducentos
1073 2131 1103 2182 et
1123 2123 1279 2205 quinquag

257 2223 353 2286 ieron
374 2225 492 2284 auum?
532 2221 591 2284 Sed
613 2223 703 2297 satia,
725 2221 853 2304 opinor,
875 2221 989 2305 patebit
1017 2220 1162 2299 cuilibet,
1196 2221 1279 2282 iocui

256 2321 330 2385 haec
354 2341 416 2402 non
438 2323 562 2384 Tmiaoi
588 2322 731 2405 temporis
749 2320 941 2397 hominibus,
971 2321 1025 2383 sed
1043 2318 1125 2400 iliis,
1163 2323 1215 2404 qui
1236 2341 1279 2380 mr

255 2421 364 2484 mulie
395 2433 465 2505 poet
494 2422 637 2483 vixerunt
666 2431 801 2501 tempore
824 2420 967 2495 Neronis,
996 2431 1032 2482 ut
1059 2419 1171 2482 scilicet
1191 2421 1279 2480 ratior

255 2521 409 2604 quendam
431 2521 590 2600 haberent,
612 2541 706 2604 quare
727 2519 801 2596 haec
822 2519 967 2600 historia,
996 2524 1027 2582 in
1055 2519 1154 2582 lucem
1174 2531 1246 2580 tuuc
1267 2541 1279 2602 p

256 2622 354 2699 diens,
377 2641 516 2685 mamone
539 2622 629 2684 fuerit
650 2623 765 2683 Graeco
786 2623 963 2704 composita,
987 2632 1137 2684 ettamen
1158 2620 1279 2682 Punicis

180 2773 189 2788 .
255 2723 328 2784 teria
350 2743 430 2805 quae
452 2731 526 2784 tuno
543 2721 674 2784 muitum
689 2721 825 2783 diversae
842 2729 928 2782 erunt
944 2741 961 2780 a
976 2721 1107 2796 Graecia,
1127 2723 1247 2802 scripta.

255 2841 387 2884 semmae
413 2841 488 2884 vero
516 2823 600 2904 qood
628 2823 691 2901 ait,
732 2829 887 2902 sumptum
917 2819 949 2880 id
976 2829 1022 2882 est
1050 2841 1085 2880 ex
1115 2819 1245 2880 Homero
1273 2823 1279 2874 t

255 2919 346 2986 xlx.
373 2919 439 3004 ¹75.
461 2920 515 2982 ubi
535 2921 574 2982 de
594 2922 702 2983 Cretae
720 2920 825 2983 iocolia
846 2921 899 2998 eit,
924 2909 1026 3000 ”Atta
1053 2918 1080 2980 δ’
1089 2907 1192 2979 ἄλλων
1211 2915 1279 2997 γλῶ4

255 3018 442 3100 μεμιγμένη,
460 3021 525 3081 alin
546 3022 679 3082 aliorum
700 3021 865 3102 carlingam
885 3020 965 3080 inter
984 3041 1015 3080 re
1031 3021 1198 3105 permixta.
1221 3017 1279 3080 Ver

256 3116 331 3180 haec
366 3119 404 3179 de
432 3117 567 3180 dialectis
586 3122 710 3202 exiguae
729 3140 853 3202 prorsus
881 3119 1097 3202 discrepantiae
1124 3119 1155 3180 io
1174 3137 1279 3202 prount

256 3215 358 3295 audo,
388 3215 486 3300 qualia
515 3221 609 3281 etiarn
639 3219 730 3281 hodie
750 3220 829 3280 inter
852 3222 1003 3302 proximae
1024 3221 1112 3280 unius
1133 3221 1226 3304 gentis
1246 3239 1279 3278 ur

257 3313 436 3401 pierumque
455 3319 622 3401 reperitur,
644 3329 717 3380 suot
736 3319 948 3403 intelligenda,
971 3328 1008 3380 ut
1027 3322 1091 3401 ipse
1108 3329 1208 3382 censet
1226 3319 1279 3380 Eut

257 3415 350 3480 thiro.
389 3418 575 3502 Nautiquam
604 3439 676 3502 ergo
712 3419 863 3481 debebant
887 3420 995 3482 Graeci
1026 3429 1183 3502 propterea
1209 3419 1267 3480 dici

257 3537 343 3579 uem
363 3519 443 3580 inter
469 3541 501 3580 aa
527 3539 661 3581 &mone
688 3539 793 3602 agere,
825 3532 878 3581 aut
901 3521 1060 3582 haesitatio
1082 3519 1196 3582 oboriri
1220 3519 1279 3580 hou

191 3613 195 3634 ⁸
258 3615 344 3678 istim
364 3618 509 3701 temporis
529 3616 645 3703 aliquid
668 3618 788 3703 publice
809 3622 970 3702 scripturo,
992 3618 1114 3704 qualem
1134 3619 1259 3703 praefert
1278 3641 1279 3678 i

256 3725 319 3778 star
341 3714 395 3780 lib.
416 3718 458 3779 V.
480 3738 550 3801 cap.
575 3739 621 3800 ¹7·
643 3739 732 3782 usum
751 3741 783 3782 se
801 3723 939 3782 oratione
952 3738 989 3781 ea
1012 3729 1147 3796 testatus,
1168 3739 1279 3804 quami

258 3817 344 3877 xima
362 3818 442 3877 inter·
468 3831 531 3878 tarn
551 3817 676 3880 diuersa
695 3819 839 3904 luprestadt⁸
856 3839 971 3902 genera
988 3823 1127 3905 consequi
1146 3840 1185 3881 ac
1201 3839 1279 3904 comp

259 3913 387 3996 bendepe
403 3916 546 4000 macerit,
567 3937 662 4000 quam
681 3920 788 4002 utique
806 3935 842 3980 er
863 3922 947 3980 omui
967 3915 1094 3980 Graecia
1114 3918 1245 3980 homines
1263 3929 1279 3978 tr

260 4011 374 4075 suerint
383 4014 437 4078 diu
454 4017 486 4077 in
499 4036 592 4078 unam
607 4019 824 4101 expeditionem
835 4020 1002 4098 coniuncti,
1019 4029 1050 4081 et
1064 4019 1139 4081 aiter
1153 4019 1274 4080 aiterum

258 4110 372 4176 cillicae
381 4113 595 4196 intellexerint,
610 4129 645 4178 ut
653 4118 790 4182 homines
801 4119 893 4180 unius
904 4117 1024 4201 linguae
1036 4117 1145 4184 solent.
1166 4121 1279 4202 Lougei

259 4209 308 4274 ior
320 4211 590 4301 iuitdiacrepaatia
600 4215 779 4281 elocutionis
791 4219 938 4296 Gnoses,
950 4223 983 4278 in
997 4219 1097 4281 varias
1112 4230 1183 4282 tunc
1196 4215 1279 4281 dicia
