2698 4688
221 352 268 403 ui
641 348 838 402 inmonuct
840 347 886 396 10.

221 543 418 602 restituerunt
431 541 584 603 Mercerus
607 549 634 598 ct
656 521 840 614 Obreebtur',
856 555 890 596 ex
911 529 1027 596 Lucilio
1039 541 1070 594 et
1087 531 1230 592 Pacuvio
1247 553 1275 591 n.

222 661 285 710 mnt
307 647 462 730 Apuleius.
506 646 564 708 Sed
587 645 648 714 vid.
673 656 736 710 not.
754 665 798 710 cr.

305 755 374 823 Lib.
396 754 423 816 1.
452 755 497 816 13.
541 753 657 815 Eorum
687 773 741 834 ego
769 766 879 814 semen
905 754 1085 814 comitatem.
1134 751 1275 812 Comiter

219 868 313 951 sequi.
335 885 392 947 pro
415 865 557 924 comitem
579 883 654 941 esse,
672 863 747 924 dicit
762 862 927 943 Septimius
946 863 1037 924 miani
1054 859 1111 924 ill.
1124 859 1178 921 26.
1200 861 1274 921 Pori

224 973 318 1056 Apul.
337 971 377 1034 de
395 971 506 1052 Dogm.
529 969 611 1032 Plet.
630 994 663 1054 p.
683 969 756 1032 226·
800 971 877 1032 Eim
898 972 1071 1033 comitaturi
1091 985 1256 1056 eeqmmtur

220 1083 364 1161 dr'gnatio
383 1091 413 1140 et
431 1081 656 1147 eumnrolilitee.
684 1080 732 1146 Cl.
761 1079 916 1148 Ammian.
940 1079 1030 1142 xxi.
1052 1081 1098 1141 ια’.
1120 1078 1233 1140 milites
1255 1099 1275 1138 o

222 1213 282 1264 nes,
304 1187 359 1272 qui
371 1189 545 1252 comitatum
564 1189 773 1275 sequebantur.

306 1296 375 1364 Lib.
393 1297 420 1364 l.
438 1317 485 1380 ¹9·
506 1297 676 1382 corporibus
692 1296 881 1379 pertentatis,
900 1295 920 1360 i.
936 1314 965 1356 e.
978 1286 1143 1378 correptis,
1170 1303 1275 1354 contat

198 1403 286 1466 ‘lue
332 1405 416 1466 idem
436 1403 637 1466 videturesse
664 1399 717 1466 lib.
733 1401 774 1466 ll.
790 1402 841 1464 bo.
856 1401 1028 1486 corporibus
1047 1404 1200 1484 fatigatis
1223 1425 1275 1486 pes

211 1515 290 1594 stra
304 1509 504 1594 aegritudine.
524 1505 676 1592 ctnput.
703 1507 777 1569 Met.
799 1505 824 1572 l.
855 1527 885 1590 p.
914 1505 967 1588 44.
999 1505 1112 1568 &urna
1126 1509 1275 1588 fatigati<

219 1635 412 1707 penemmm.
433 1605 577 1704 legimus
597 1617 652 1680 lib.
674 1618 733 1680 lli.
757 1637 804 1684 ιι.
821 1617 900 1680 adeo
913 1619 1094 1703 reliquorum
1114 1621 1238 1680 auineos
1247 1639 1275 1702 p

223 1741 396 1809 tenmvemt,
417 1729 440 1790 i.
459 1748 488 1789 e.
515 1737 580 1788 tem
599 1725 795 1790 vehementer
817 1738 1030 1808 permoverat,
1062 1737 1185 1788 tentum
1211 1729 1275 1786 onir

226 1839 374 1922 gemitum
398 1839 574 1912 incusserat,
595 1846 632 1898 ut
654 1858 689 1898 ex
711 1837 777 1918 ipso
800 1835 926 1920 Septim.
952 1839 984 1898 iu
1004 1838 1140 1920 proxime
1163 1853 1275 1914 sequen

227 1943 287 2004 buo
307 1932 485 2026 explicetur.
527 1943 644 2006 Passim
666 1945 708 2004 ite
730 1943 899 2026 loquuntur
919 1953 1045 2027 poetee3
1080 1947 1160 2006 inter
1189 1946 1275 2025 script

227 2073 276 2112 reo
297 2052 340 2112 ito
362 2049 446 2134 loqui
467 2049 643 2132 praesertim
664 2061 746 2110 ornet
766 2049 933 2133 Apuleius:
960 2053 1034 2114 Met.
1055 2049 1108 2114 tx.
1129 2072 1159 2134 p.
1182 2047 1252 2114 66⁰.

227 2161 368 2243 &erratur
390 2173 464 2222 totos
482 2160 666 2222 midientiwn
685 2161 801 2222 armins
819 2162 1010 2243 pertentavit.

216 2267 220 2278 ’
313 2267 381 2331 Lib.
402 2267 445 2328 ll.
475 2263 523 2345 ¹4·
545 2266 820 2348 nieme-serpentis
847 2267 1037 2346 corningimr.
1081 2261 1184 2326 Verbo
1206 2279 1275 2326 roret

229 2392 300 2454 gere
319 2370 493 2432 continetur
517 2373 603 2431 notio
625 2371 766 2452 contagii,
792 2369 883 2444 tobis.
911 2371 1017 2448 rabiei,
1044 2393 1122 2454 qune
1141 2383 1274 2436 venenati

229 2481 378 2562 cerpentir
406 2498 541 2539 morsum
562 2478 647 2560 sequi
667 2476 775 2544 solent.
795 2477 889 2561 Apul.
910 2481 983 2543 Met.
1004 2481 1060 2544 IX.
1081 2503 1111 2564 p.
1142 2483 1212 2566 595.
1240 2503 1274 2542 ee

229 2591 310 2650 natis
329 2587 475 2650 momibm
495 2599 631 2650 contem
652 2588 799 2650 manullo
825 2590 957 2652 umente
984 2587 1119 2673 efferari
1137 2593 1208 2670 jam
1235 2592 1274 2651 siu

232 2697 329 2758 rabie.

315 2805 388 2869 Lib.
408 2806 450 2867 11.
474 2808 525 2870 30.
549 2823 652 2889 regum
671 2807 793 2870 omnino
816 2808 915 2870 ruellm
943 2829 1037 2892 neque
1057 2821 1186 2870 nwrtmu
1207 2811 1274 2870 esci

236 2919 333 2996 ureb,
357 2933 452 3004 neque
472 2925 632 2976 attentatio
642 2927 702 2992 θείς
722 2914 770 2976 33.
784 2935 877 2998 neque
889 2913 1019 2997 emplius
1034 2914 1174 2976 anemuri
1186 2933 1274 2996 eorpo

236 3024 395 3086 Attenuari
418 3039 474 3102 pro
494 3018 609 3094 invadi,
630 3019 754 3099 corripi.
775 3016 867 3100 Apul.
890 3013 986 3100 Apol.
1017 3039 1048 3100 p.
1082 3019 1152 3082 508.
1177 3043 1274 3104 rmrrqu

230 3143 338 3214 postea
373 3125 524 3186 comitiali
541 3125 643 3185 morbo
669 3137 858 3201 attentatum
894 3147 924 3207 p.
957 3125 1027 3206 524.
1054 3151 1097 3190 ex
1127 3131 1245 3215 empulo

173 3227 180 3252 ²
237 3238 306 3298 luco
333 3245 502 3296 rtemann.
532 3232 586 3294 ubi
611 3243 776 3314 utrumque
798 3233 879 3316 Sept.
901 3234 1002 3297 locum
1023 3235 1128 3300 leudat
1147 3236 1273 3298 Oudend

222 3318 316 3426 pius.
340 3340 426 3401 idem
451 3339 578 3402 verbum
599 3361 655 3423 pro
677 3339 838 3420 adfictari
850 3363 884 3403 ex
909 3341 1040 3426 Apuleio
1060 3345 1273 3406 coniectevitG

237 3451 349 3510 novius
370 3451 401 3508 in
424 3447 483 3509 hoe
504 3448 632 3516 Liuiano
657 3447 784 3528 (XXIX.
813 3453 898 3522 ro.):
915 3498 917 3507 .
937 3473 968 3512 se
997 3454 1213 3536 ererrimmque
1245 3473 1273 3512 su

234 3557 332 3638 graui
351 3553 454 3614 urorlio
473 3553 635 3634 adsectati.
670 3554 799 3636 Antiqui
823 3556 999 3639 simpliciter
1018 3561 1128 3619 tenuari
1147 3558 1266 3636 dicunt,

237 3665 303 3729 Cic.
335 3661 461 3724 Tuscul.
492 3660 546 3724 tv.
580 3659 899 3741 14.morbotentari;
936 3665 1040 3729 Horat.
1057 3667 1152 3746 Serri.
1173 3666 1197 3726 Ι.
1224 3675 1273 3726 Li

236 3782 377 3832 tentatum
385 3770 509 3850 Jit'gnre
533 3767 570 3850 (i.
592 3789 619 3829 e.
643 3768 736 3844 febri)
758 3791 875 3855 cor-pm.
965 3755 969 3762 ¹

324 3875 395 3937 Lib.
419 3875 458 3934 ll.
481 3877 517 3962 37
544 3885 575 3938 et
599 3878 641 3941 V.
667 3901 712 3962 ¹7·
728 3902 888 3964 praeverso
912 3882 1002 3944 dese
1024 3883 1138 3946 mimia.
1179 3882 1267 3946 Plane

241 3983 395 4048 Ammine.
427 3981 544 4044 XXlll.
574 4003 605 4045 α.
623 3988 714 4062 ferma
736 3989 775 4048 de
797 4010 828 4048 se
847 3990 934 4052 nulla
948 4012 1134 4076 premerem
1160 3989 1264 4052 XXVI.

241 4115 362 4156 nemore
382 4091 517 4176 quiedam
529 4113 703 4175 praeverso.
750 4093 938 4176 Capitolinus
959 4099 1039 4160 Max.
1069 4098 1161 4160 duob.
1186 4097 1230 4160 25.
1251 4095 1269 4156 d

239 4203 364 4264 mereim
378 4211 574 4286 proruens,-
595 4221 657 4283 quo
670 4201 813 4283 Portieip.
830 4218 1006 4290 praeventus
1028 4217 1155 4268 utuntur
1172 4204 1272 4267 Sallust
