2766 4690
209 305 283 377 390
509 323 785 376 osmarnrrouns
811 322 850 374 ut
884 321 950 372 crs.
977 323 1002 372 r.

294 511 366 576 XV.
406 509 458 574 ubi
489 509 582 594 Argis
604 510 781 584 conuenere)
831 506 945 572 Aulide
964 505 1144 574 convenisse
1163 509 1303 572 Graecos

209 609 314 694 ibique
333 611 518 674 sacriticasse
537 631 608 673 cnm
626 611 744 693 antiqui
764 619 872 694 poetam
902 609 1088 686 cecinerint,
1120 619 1190 674 tum
1212 611 1303 672 etiam

209 713 341 780 instituti
359 713 497 775 saoriiicii
519 713 599 774 ratio
616 711 737 773 diversa
763 720 834 792 est3
858 721 951 794 atque
970 721 1132 794 portenta,
1165 733 1249 794 quae
1269 718 1300 774 in

210 813 271 877 boo
287 823 444 877 conventu
465 812 505 872 ab
527 811 664 873 Homero
684 811 867 896 cyclicisque
886 813 981 895 poetis
1002 821 1233 890 memorantur,
1256 813 1304 874 bic

212 914 325 976 omissa
346 921 427 974 sunt.
468 910 597 972 Fundus
619 913 666 972 rei
687 919 734 972 cat
751 911 846 972 Hom.
866 911 904 978 ΙΙ.
925 915 965 975 11.
987 913 1113 978 amsa
1129 933 1194 994 quo
1216 913 1303 992 ubo,

210 1011 274 1075 lam
310 1019 501 1073 exornarunt
528 1010 657 1094 cyclici,
694 1013 789 1094 inque
818 1009 867 1073 bis
887 1013 1072 1096 Cypriorum
1100 1014 1245 1096 scriptor.
1267 1045 1302 1062 -

210 1111 307 1194 Apud
327 1111 436 1173 Daret.
468 1109 579 1191 a143
614 1113 673 1178 los.
696 1112 794 1178 locam
818 1114 872 1180 lll.
892 1113 967 1188 4²3·
994 1123 1025 1175 et
1045 1111 1171 1174 ilenric.
1199 1133 1230 1175 c.
1252 1113 1300 1174 31.

211 1211 265 1278 tot
288 1211 338 1277 5².
362 1213 473 1274 Gracci
493 1213 620 1278 Athenis
639 1215 835 1276 couvcmunt.

297 1312 408 1392 Agara.
425 1311 545 1394 pande
574 1315 647 1373 nuri
675 1313 795 1397 pondm
813 1343 858 1360 -
878 1310 1077 1396 dispartiens)
1118 1311 1302 1376 cumulatur

213 1407 253 1474 de
274 1409 334 1474 boc
351 1409 420 1474 loco
444 1411 549 1473 Fucbs
561 1413 688 1494 Quaest.
709 1433 741 1494 p.
761 1411 814 1495 69.

294 1531 424 1596 porcum
443 1531 560 1574 mamm
585 1543 626 1560 ·-
643 1533 705 1597 per
725 1513 857 1572 medium
885 1511 1027 1588 manaim)
1069 1509 1155 1572 ldetn
1178 1531 1246 1573 mos
1266 1515 1301 1578 ll.

214 1607 257 1696 49
277 1621 308 1673 et
326 1612 367 1680 V.
393 1631 439 1674 ιο.
461 1613 607 1674 Pertinet
626 1612 665 1673 ad
688 1613 974 1694 antiquissimorum
998 1615 1189 1672 Graecorum
1208 1615 1300 1674 caeri-

213 1715 352 1792 monias,
382 1710 625 1788 Thessalorum,
658 1713 864 1788 Boeotorum,
898 1709 1123 1788 Macedonum,
1154 1709 1302 1772 Molosso·
1360 1693 1361 1762 i

215 1831 304 1888 rum,
334 1814 471 1896 itemque
500 1811 541 1873 ad
560 1813 726 1874 Persarum
749 1823 780 1873 et
800 1811 1012 1874 Hebraeorum
1034 1811 1067 1872 in
1089 1809 1301 1889 iureiurando,
1360 1829 1361 1834 ¹

216 1909 394 1974 foederibus
424 1911 615 1989 sanciendis,
646 1911 880 1994 purgationibus
917 1909 1044 1993 aliisque
1075 1909 1303 1971 solennitatibus
1360 1901 1361 1930 ³

217 2011 318 2091 ritus,
340 2022 375 2074 ut
400 2010 509 2074 ridere
539 2021 584 2073 est
603 2031 638 2072 ex
673 2009 817 2091 Apollod.
848 2011 904 2070 lll.
929 2013 975 2076 rs.
997 2030 1035 2092 73
1071 2007 1220 2071 Herodot.
1237 2009 1303 2072 vtt

216 2111 282 2196 593
305 2111 373 2179 Lis.
392 2111 461 2178 XL.
484 2109 525 2190 63
548 2110 676 2173 leremia
695 2109 841 2193 Prophet.
868 2107 919 2190 dd.
939 2109 980 2188 83
999 2107 1191 2181 Plutarcho,
1208 2108 1303 2169 Zeno-
1360 2087 1361 2106 i

217 2211 270 2274 bio
281 2260 292 2293 ,
313 2211 399 2285 aliis,
431 2231 563 2296 quorum
593 2209 676 2274 locos
704 2221 735 2272 et
755 2211 852 2272 verba
884 2209 986 2272 attulit
1008 2209 1099 2293 liuga
1122 2209 1250 2273 Grotius
1267 2207 1303 2270 ad
1360 2225 1361 2228 ’

218 2311 331 2380 lilattb.
354 2311 407 2375 ο6.
428 2312 478 2379 ο8.
501 2313 562 2395 Op.
584 2312 733 2396 Theolog.
755 2313 796 2377 T.
816 2313 859 2378 ll.
881 2333 910 2395 p.
933 2311 1005 2373 aba.

301 2433 396 2498 nemen
410 2412 500 2496 prius
532 2412 642 2473 bellarm
669 2433 702 2474 se
723 2411 902 2491 decernens)
951 2411 1074 2474 Pausan
1098 2409 1140 2476 ll.
1161 2429 1213 2476 aa.
1236 2409 1303 2470 Aa·

218 2509 293 2583 adae
319 2510 357 2573 di
377 2501 436 2574 otiu
457 2511 586 2592 ἐποίησε
598 2543 637 2560 -
660 2505 894 2592 Ἀργεὼνντούς
916 2507 971 2572 ἐπὶ
983 2499 1078 2572 Ἴλιον
1097 2499 1302 2590 supermiser-

217 2631 277 2686 τος
300 2609 443 2674 tuceta
473 2607 608 2690 ὀμόσαι,
637 2611 832 2694 παραμένειν
852 2606 1083 2688 πολεμοῦντας,
1106 2601 1140 2680 ἔς
1162 2607 1188 2668 τ’
1209 2597 1247 2668 ἂν
1269 2601 1302 2666 τὰ

210 2699 308 2777 Ἴλιον
327 2711 441 2778 ἕλωσιν
447 2759 459 2793 ,
492 2703 514 2794 ἢ
533 2711 735 2793 μαχομένους
753 2706 883 2791 τελευτὴ
907 2709 995 2794 σφᾶς
1012 2703 1162 2794 ἐπιλάβῃ.
1202 2707 1248 2772 (ΞΣ
1268 2705 1304 2768 ad

219 2833 287 2897 cap.
313 2833 361 2881 ra.

303 2913 391 2976 xvt.
443 2925 474 2976 et
503 2924 635 2998 propter
660 2931 839 2994 germanum
874 2943 916 2960 -·
948 2923 978 2973 et
1011 2921 1142 2994 propter
1172 2923 1305 2988 nugam

220 3033 314 3098 opum
344 3011 417 3092 οἰνο)
460 3013 620 3082 Posterius
639 3013 750 3072 nititur
778 3009 954 3073 testimonio
973 3009 1098 3072 llomeri
1131 3005 1167 3072 ll.
1197 3008 1224 3072 l.
1240 3004 1305 3064 abt.

222 3131 316 3196 quem
345 3111 510 3195 respiciens
541 3109 684 3192 pluribus
698 3111 847 3192 'disputat
875 3107 1072 3192 Thucydides
1092 3108 1117 3172 l.
1137 3129 1169 3190 9.
1222 3105 1307 3166 Prius

223 3210 400 3282 desumtum
418 3229 455 3272 ex
488 3209 600 3292 Eurip.
631 3209 699 3292 lpb.
730 3209 807 3271 Aut.
839 3209 891 3286 84.
916 3209 989 3270 ubi:
1011 3205 1109 3286 ded
1129 3204 1265 3286 esperod
1283 3202 1307 3280 γ’

222 3299 342 3372 ἄνακτα
362 3309 514 3372 Μενέλεω
535 3305 634 3390 χάριν
654 3307 812 3387 Εΐλοντο,
847 3301 999 3388 σύγγονόν
1020 3327 1067 3386 γε.
1110 3307 1308 3389 Agamemno·
1359 3393 1360 3398 η

223 3431 296 3472 nem
319 3410 485 3494 praefuisse
507 3405 633 3473 Graecis
664 3408 706 3470 ob
730 3408 909 3491 dignitatem
930 3405 978 3470 vel
998 3407 1039 3468 ob
1062 3408 1157 3489 ipsum
1181 3401 1310 3485 corrrur‘u
1359 3405 1360 3425 ¹

223 3510 376 3588 sormam,
413 3510 488 3571 dicit
518 3507 699 3572 Philostrat.
724 3509 847 3575 Heroic.
876 3509 930 3572 Vl.
960 3529 992 3590 p.
1014 3503 1096 3590 7043
1119 3508 1193 3588 quia
1211 3504 1310 3564 luisset
1359 3537 1360 3576 4

224 3603 360 3690 ἀρχικὸς
385 3607 441 3672 καί
473 3605 680 3680 εῧνὶαίδεοτος
709 3606 766 3668 καί
790 3601 958 3684 εὐόμιλος,
992 3605 1048 3668 xci
1068 3601 1212 3684 ἀνδρεῖος
1234 3599 1309 3676 tirio

223 3704 361 3782 πολλοὺς
388 3709 444 3771 καί
472 3699 570 3771 αὐτόν
589 3703 644 3769 τὸν
663 3700 804 3788 αἰῖελφόν
824 3703 1013 3784 Μενέλαον,
1035 3704 1155 3768 Auctor
1173 3700 1236 3764 scir
1260 3699 1309 3780 Τρ.

225 3811 260 3874 iu
282 3811 364 3873 llibl.
385 3809 512 3877 Uffenb.
533 3801 733 3892 1x;p.'663.

313 3911 417 3974 xvtt.
460 3911 569 3992 Agcm,
591 3939 636 3956 --
654 3927 751 3970 noves
769 3911 894 3985 cenum)
918 3905 1011 3968 Hom.
1034 3901 1069 3968 11.
1092 3902 1130 3963 ll.
1152 3899 1234 3984 5763
1252 3899 1310 3960 Eu-

226 4007 286 4092 rip.
307 4009 374 4090 lpb.
403 4007 477 4074 Aul.
508 4007 588 4088 2653
618 4009 733 4090 Hygia.
753 4027 817 4090 973
850 4003 952 4067 Malel.
986 4027 1017 4085 p.
1042 4004 1119 4078 1553
1150 4001 1247 4062 Dares
1269 3993 1308 4072 td.

228 4104 322 4190 Apud
343 4109 467 4174 Henric.
487 4129 515 4175 e.
547 4111 599 4170 ὃν.
618 4106 672 4172 ful.
695 4105 744 4168 52.
772 4107 858 4166 ducit
879 4125 971 4166 uavcs
992 4103 1149 4166 ducentas.
1169 4133 1212 4152 ...
1229 4097 1310 4158 atur·

226 4223 287 4290 que
307 4209 476 4291 maguum
520 4207 612 4276 llom.
630 4204 714 4292 6095
738 4206 874 4292 Hygia„
892 4205 1006 4285 Dares,
1026 4201 1175 4267 Philostr.
1198 4195 1310 4266 flemis
