2726 4686
269 377 344 432 xctt
742 375 918 428 rustzon‘u

267 590 325 655 per
339 566 514 654 mepriiitates
532 566 631 628 animi
650 583 765 650 quoqne
780 565 869 628 modo
888 565 1011 651 explere
1030 569 1172 648 genium,
1201 572 1280 632 altra

271 671 401 755 acinique
412 666 578 753 permciem
599 665 760 728 maelrinati
783 679 860 730 sunt.
912 663 1008 728 Solito
1036 677 1195 750 syntaxeos
1215 669 1298 732 eaelo

270 768 414 853 postulet,
438 777 473 828 ut
487 763 636 827 scribatur
654 764 703 826 hic
726 765 865 845 gestiant.

351 867 409 928 111.
433 864 484 926 25.
539 863 677 948 Namque
701 865 734 924 ni
756 862 864 926 irrues
898 864 1031 926 Helenae
1061 867 1210 928 exsecrati
1226 867 1298 947 saci

271 969 343 1044 eins,
370 985 409 1028 ne
432 966 464 1024 in
483 963 623 1026 militiam
646 961 767 1048 quidem
795 963 944 1026 animam
969 966 1214 1044 commanerent,
1245 969 1298 1029 scil

271 1083 414 1148 mquam
435 1061 544 1126 aredire
558 1061 737 1124 incolrtmem
755 1063 876 1140 nolant,
894 1064 1000 1147 eiper
1017 1085 1048 1125 se
1074 1063 1204 1126 marnam
1232 1069 1268 1126 in
1295 1117 1298 1150 ,

266 1165 356 1226 triam
376 1176 558 1246 quaererent.
600 1157 711 1240 Nemo,
733 1164 854 1246 opinor,
880 1163 1013 1245 negsbit,
1033 1165 1088 1245 qni
1107 1162 1199 1224 modo
1216 1167 1298 1225 onim

268 1262 402 1326 attendet
419 1263 458 1324 ed
473 1262 532 1324 loci
545 1283 668 1342 nexum,
695 1273 726 1326 et
740 1261 878 1336 redinant,
899 1263 1013 1346 dequo
1034 1263 1154 1346 agitur,
1182 1265 1258 1346 quin
1276 1277 1298 1326 el

268 1362 420 1450 priorilrus
444 1361 660 1426 restituendum
677 1363 718 1423 sit
736 1360 834 1423 redire
853 1361 940 1425 insol.

352 1463 408 1524 tv.
435 1481 483 1524 tu.
521 1461 605 1524 Dein
621 1461 782 1545 plia-imos,
813 1461 857 1522 uti
873 1480 1017 1545 quemque
1031 1461 1112 1522 intra
1133 1460 1240 1537 teian,
1254 1460 1298 1539 je

266 1562 380 1627 scilicet
399 1560 540 1626 habebut.
582 1561 643 1624 Sed
663 1561 771 1624 durior
790 1571 836 1624 est
855 1561 930 1622 haec
949 1558 1081 1643 ellipsis,
1113 1569 1144 1622 et
1174 1557 1243 1622 idco
1263 1561 1298 1619 ri

267 1675 320 1726 tor
342 1660 502 1747 legendum
519 1661 569 1724 aa·
586 1661 719 1747 an'sqne.
760 1659 812 1722 Sic
831 1659 873 1721 11.
902 1677 932 1722 2.
963 1661 1008 1720 uti
1031 1661 1153 1744 qaisqne
1179 1659 1213 1720 in
1244 1678 1298 1716 ma

266 1773 393 1824 maeret.
436 1759 514 1825 Vel:
539 1777 772 1844 mramqnemqnc
793 1760 874 1824 intra
897 1759 998 1833 telam,
1023 1756 1089 1819 scil.
1116 1758 1298 1820 existentem⁴

351 1861 408 1922 Ν.
434 1857 482 1922 18.
531 1857 581 1922 De
600 1861 681 1919 cuna
710 1857 834 1920 oraculo
865 1858 1056 1920 imminentia
1098 1857 1241 1918 motans
1269 1877 1298 1916 m

265 1963 332 2022 οὐκ
364 1959 566 2042 negitavisset,
594 1959 673 2020 ultru
699 1957 862 2042 supplicem
888 1956 934 2020 ad
957 1975 1007 2018 eus
1039 1956 1204 2024 demerem.
1249 1956 1298 2016 Rel

162 2097 166 2112 ι
265 2063 368 2144 priore
387 2058 463 2121 haec
483 2057 574 2119 Anne
596 2055 636 2118 ed
655 2077 755 2118 senem
772 2069 942 2140 parentem,
964 2055 1023 2118 hoc
1040 2065 1102 2134 est,
1133 2054 1298 2118 Anchisem

268 2158 442 2222 eiuslilium
451 2156 607 2236 Aeueem3
629 2157 796 2239 posteriora
816 2156 916 2218 nescio
939 2167 1041 2218 utrum
1062 2155 1101 2216 sd
1122 2153 1256 2218 Aeneam
1273 2175 1298 2236 qi

264 2279 347 2344 que,
379 2277 419 2319 au
448 2257 488 2320 ed
519 2253 678 2318 Helenum.
719 2253 780 2318 Sed
804 2255 1001 2318 senissimum
1020 2265 1088 2335 est,
1119 2253 1298 2318 excidissea

264 2360 340 2422 lraec
362 2356 456 2419 verbe
479 2353 606 2439 aliquid,
626 2365 657 2417 et
678 2355 861 2416 mentionem
881 2353 1005 2439 quidem
1025 2353 1187 2438 Apollinis,
1215 2375 1251 2415 ea
1271 2375 1298 2414 ri

264 2458 374 2522 deinde
401 2455 517 2520 Heleno
537 2465 656 2518 tentum
679 2452 883 2538 intelligenda,
913 2455 967 2538 qui
986 2475 1021 2516 ex
1037 2456 1160 2518 cmcrdo
1181 2452 1298 2536 Apollin

265 2560 351 2620 cuius
370 2567 436 2620 erut
455 2567 561 2635 vates,
594 2555 681 2616 mala
705 2555 844 2618 Troianis
866 2555 1052 2618 immitentia
1078 2569 1278 2637 wgrmwmt,

264 2657 335 2722 ideo
354 2657 432 2720 riitm
450 2655 497 2718 ad
516 2655 645 2716 Graecae
664 2653 851 2717 deuertebat.

281 2813 290 2822 .
347 2758 403 2820 Vl.
431 2763 478 2826 ¹3·
522 2753 564 2816 Ut
587 2775 681 2818 semro
697 2755 850 2817 iamiam
866 2752 1036 2830 fimbrium.
1058 2753 1196 2837 Legerim
1217 2753 1267 2816 vel
1284 2805 1298 2834 ,

264 2857 357 2921 rebat.
396 2856 446 2920 Sie
461 2855 528 2920 Lis.
543 2855 570 2916 1.
590 2853 643 2934 45.
683 2855 783 2918 Fama
788 2856 868 2936 steri,
890 2853 926 2916 id
947 2875 1006 2916 esse
1020 2853 1156 2932 sasaim,
1198 2853 1298 2916 cie(

265 2955 323 3024 111.
344 2977 375 3040 9.
396 2954 529 3018 Aennem
542 2975 668 3039 marm,
703 2967 735 3016 ut
747 2955 858 3036 fierunt
870 2955 1237 3033 sabuioe,arrimadvera‘t.
1259 2952 1298 3014 Fa

265 3055 292 3121 l.
335 3076 367 3137 9.
395 3067 429 3115 ut
448 3075 515 3114 mea
533 3053 634 3136 opinio
652 3052 733 3133 firt.
780 3053 837 3115 Vel
872 3075 1015 3120 sermone.
1058 3053 1104 3115 lm
1137 3055 1202 3116 Liv.
1239 3053 1265 3112 1.
1295 3087 1298 3112 l

263 3165 296 3214 ut
315 3153 426 3235 posteri
437 3153 543 3229 santa
566 3151 692 3229 ferrent
718 3145 900 3215 condumum
920 3154 1071 3217 Seruium.
1099 3151 1173 3216 Sall.
1209 3153 1280 3212 Cat.

260 3252 318 3312 Iler
338 3251 561 3314 Aeinrr'enniem
583 3249 737 3334 aliquane
762 3253 891 3316 mittem
907 3255 1023 3334 suere,
1057 3275 1147 3339 quam
1170 3251 1270 3336 sama
1286 3291 1298 3330 ,1

264 3364 378 3418 nm..
968 3373 970 3380 ,

345 3453 413 3517 XL.
455 3451 561 3536 Neque
589 3472 663 3514 vero
692 3452 819 3530 miram,
853 3451 927 3514 haec
965 3463 996 3514 et
1023 3451 1132 3514 similis
1163 3472 1182 3512 a
1216 3449 1298 3512 librat

260 3551 373 3634 possim
396 3552 520 3630 vitiato,
557 3573 652 3635 mum
681 3552 773 3612 etism
804 3552 862 3612 viri
889 3551 1073 3627 doctissimi,
1113 3552 1167 3633 qui
1197 3550 1293 3610 Notas

258 3649 342 3712 hune
361 3663 515 3714 auctorem
535 3653 691 3734 scripsere,
713 3649 807 3712 multe
829 3647 1003 3712 latinissime
1022 3651 1102 3714 diets
1127 3661 1240 3712 temere
1259 3671 1298 3730 pn

256 3771 310 3813 sus
326 3750 563 3814 sollicitaverint.
595 3752 717 3832 ’Magos
736 3771 842 3812 eorum
862 3771 945 3833 seges
971 3771 1006 3812 ex
1030 3750 1079 3811 Cl.
1104 3749 1262 3831 vindingii
1286 3767 1298 3806 r

256 3848 329 3912 tulis
348 3850 449 3934 colligi
469 3864 590 3935 posset,
621 3851 681 3912 nisi
713 3851 773 3911 inm
800 3849 961 3912 absolvere
997 3850 1076 3912 hauc
1095 3849 1298 3911 Dissertatiom

263 3951 380 4012 suimus
399 3949 503 4014 ferret.
543 3951 721 4034 Specimiuis
744 3961 845 4012 temen
867 3948 934 4012 loco
958 3949 1112 4032 sequentia
1133 3949 1222 4010 habe.

347 4051 373 4120 1.
395 4071 446 4112 so.
488 4051 701 4132 Agamenmon
734 4048 887 4130 affectione
911 4063 1056 4132 paternae
1082 4051 1203 4133 pretatis
1236 4061 1298 4110 niet

263 4171 304 4210 an
324 4171 362 4210 ne
385 4165 449 4213 tam
474 4152 580 4212 illicito
603 4150 817 4212 immolationis
843 4149 950 4210 sceleri
969 4153 1128 4218 interesset,
1152 4149 1298 4228 stigamp

263 4264 324 4312 rat.
337 4249 389 4312 ubi
410 4273 466 4336 pro
488 4273 529 4314 arr
544 4251 612 4312 vult
633 4249 692 4333 legi
712 4271 758 4310 ac.
779 4249 820 4310 Et
850 4249 904 4309 Ν.
929 4247 959 4326 4.
976 4253 1108 4330 peruecti
1122 4249 1249 4332 epimelis
1263 4249 1298 4308 Ill
