2762 4684
218 315 294 406 500
490 322 765 424 cmmemores
788 345 826 400 m
852 345 920 398 me.
941 346 988 422 rx.

217 537 322 616 chen,
342 557 430 602 caeso
450 557 487 600 eo
508 557 648 622 regnasse
669 533 798 600 Piladen
817 533 925 616 lilium,
947 543 1055 626 narrat
1074 533 1185 616 lustin.
1209 529 1309 596 Μ

221 641 252 706 ὅ.
273 639 356 700 Vivo
388 635 583 719 Neoptolemo
611 635 866 714 Andromachen,
900 636 1060 698 interfecto
1082 655 1119 698 eo
1142 633 1311 696 Chaoniam

218 740 390 820 accepisse,
424 737 506 798 canit
537 735 647 820 Virgil.
670 736 752 798 hen.
775 736 930 820 111.327.
979 733 1062 798 Utut
1082 743 1170 810 crat,
1194 733 1310 796 Heleno

216 837 375 900 Chaoniae
395 836 559 920 imparium
582 835 702 920 obtigit.
734 836 779 898 Ex
799 835 999 918 Theopompo
1018 833 1099 916 apud
1117 833 1233 896 Strah.
1245 834 1310 896 Vll.

217 958 250 1020 p.
272 935 345 1015 324.
370 935 533 1014 discimus,
555 935 697 998 Chaones
717 932 792 996 olim
812 938 870 997 toti
894 935 992 1016 Epiro
1015 934 1225 1020 imperitasse,
1248 943 1311 1017 pest

216 1035 274 1100 hos
294 1035 453 1114 Molossos,
474 1036 533 1098 hoo
553 1045 615 1098 ests
637 1055 725 1098 caeso
743 1033 943 1118 Neoptolemo
965 1035 996 1095 in
1021 1033 1187 1114 Helenum,
1211 1033 1309 1096 Chao

215 1137 286 1200 niae
309 1136 538 1219 imperatorem,
562 1145 700 1198 ceterum
719 1155 840 1219 quoqne
851 1133 1044 1218 Neoptolemi
1057 1153 1190 1218 regnum
1214 1145 1309 1196 trans·

118 1227 123 1230 ⁵
215 1234 314 1300 latum
337 1247 406 1312 est,
428 1237 516 1319 quasi
537 1244 675 1298 tutorem
698 1233 844 1315 hlolossi;
866 1231 1094 1296 Helenoautem
1115 1244 1245 1296 mortxxo
1265 1241 1310 1294 m-

215 1345 285 1402 tum
308 1339 405 1420 patris
434 1357 567 1420 regnum
600 1334 786 1398 hereditavit
810 1333 971 1400 Molossus.
1013 1333 1220 1417 Explicantur
1240 1335 1309 1396 hsce

215 1459 253 1502 ex
275 1437 444 1516 Pausania,
465 1435 548 1520 apud
570 1456 662 1520 quem
682 1432 755 1510 (lib.
777 1435 803 1502 1.
828 1433 895 1510 ιι.)
918 1432 1052 1497 Helenus
1073 1433 1309 1518 omneNeopto·

214 1535 289 1602 lemi
311 1559 440 1622 regnum
473 1538 613 1616 ohtinet,
641 1537 777 1604 moriens
796 1534 872 1598 illud
894 1532 1041 1618 relinquit
1060 1534 1205 1603 hlolosso.
1247 1537 1309 1598 hlo-

215 1633 314 1700 lossus
332 1639 473 1702 breviter
492 1638 602 1701 vixisse
622 1637 771 1715 videtur3
793 1657 865 1697 narn
886 1636 950 1698 aius
972 1635 1064 1696 frater
1077 1633 1196 1710 Pielus,
1215 1657 1307 1720 quen

190 1743 193 1750 '
214 1736 345 1804 Piladen
364 1751 455 1801 vocat
476 1738 631 1817 lustinus,
664 1737 694 1800 ei
713 1738 747 1798 in
764 1755 864 1820 regno
884 1735 1045 1798 successise
1067 1733 1109 1798 ad
1130 1755 1229 1818 quem
1246 1757 1307 1796 ms-

207 1837 279 1922 'gis,
300 1857 394 1919 quam
423 1835 464 1898 ad
484 1833 675 1916 Molossum,
703 1837 887 1920 posteriores
914 1855 1001 1919 reges
1020 1835 1177 1918 originem
1198 1833 1308 1898 retule-

213 1946 306 2014 snat,
335 1944 413 1997 teste
431 1935 603 1998 Pausanias
626 1947 719 2020 atque
741 1937 782 2000 ah
807 1935 866 1998 hoc
884 1934 957 1998 inde
979 1933 1145 2010 heacidae,
1167 1947 1239 2020 pon
1257 1957 1306 2020 pa-

213 2043 275 2096 tres
305 2033 369 2110 lilii,
393 2045 539 2118 perpetua
568 2038 762 2098 successione
781 2035 878 2118 Epiro
898 2035 1128 2118 imperitarunt.
1146 2055 1182 2098 v.
1206 2039 1307 2099 lustin.

213 2131 436 2218 10L3Eurip.
468 2133 618 2199 Androm.
644 2135 748 2220 12475
769 2135 900 2198 Pindar.
921 2135 1011 2197 Nem.
1034 2135 1109 2222 Vll.¹
1131 2135 1189 2200 56.

132 2302 134 2312 Ι
297 2233 386 2296 XIV.
443 2231 554 2299 Ulixes
575 2237 697 2324 territare
724 2235 840 2299 crebris
869 2237 1007 2319 nuper&
1038 2238 1229 2324 somniisque
1250 2235 1305 2300 asl-

213 2334 327 2410 uersis)
377 2333 425 2397 Ex
453 2333 569 2418 inclyto
596 2335 733 2398 Tiresiae
762 2335 801 2398 de
819 2335 920 2398 Ulixis
941 2347 1041 2398 morte
1059 2335 1214 2400 vaticinio
1232 2333 1306 2420 apud

159 2455 165 2466 ·
214 2433 307 2498 Hom
330 2433 396 2502 Od.
419 2435 478 2498 xl.
500 2435 568 2502 133.
591 2435 703 2520 Dictys
723 2434 796 2498 lecit
813 2437 977 2498 somnium.
1008 2437 1158 2499 vaticinii
1179 2441 1305 2521 maciem

181 2580 182 2586 κ
214 2545 306 2600 meaa
339 2545 386 2598 est
414 2534 515 2598 Ulixis
547 2555 629 2598 mors
657 2539 750 2598 etiam
774 2537 806 2598 in
838 2539 999 2618 usisibus,
1032 2559 1110 2622 quoe
1131 2558 1168 2600 cx
1192 2541 1304 2622 perdita
1366 2578 1367 2597 i

213 2633 362 2719 Aeschyli
395 2635 570 2722 tragoedia,
615 2635 813 2720 uvyayoyol
831 2637 997 2722 inscripta,
1033 2639 1174 2702 serravit
1208 2639 1304 2704 Sobel.

213 2733 305 2802 Hom.
328 2733 350 2803 l.
372 2733 394 2798 l.
436 2735 591 2820 Explicuit
615 2735 761 2822 Aeschyli
780 2717 988 2824 lragmentum
1007 2737 1095 2800 solita
1117 2739 1303 2812 subtilitate,

212 2835 400 2918 rimavitque
419 2835 459 2898 de
481 2847 617 2904 extrema
638 2837 739 2924 Ulixis
769 2840 835 2902 vita
863 2839 998 2902 lahulam
1018 2837 1204 2902 admiranda
1226 2859 1305 2922 saga·
1365 2825 1366 2838 ἵ

211 2936 305 2997 nitate
315 2935 463 3000 Welclser
483 2935 599 3022 Trilog.
620 2959 653 3022 p.
666 2937 728 3018 458
741 2959 828 3022 sqq.;
850 2961 909 3023 qua
929 2938 1051 3023 quidem
1074 2959 1109 3000 ea
1132 2937 1173 3000 de
1195 2961 1233 3002 re
1251 2939 1304 3000 dis-

210 3037 372 3116 putatione
401 3033 480 3099 nihil
508 3035 568 3100 hoc
596 3047 736 3120 tempore
757 3038 871 3124 legitur
891 3038 1108 3121 praestantius.
1154 3039 1304 3122 Erpa-orit

210 3134 327 3218 Dictyn
349 3127 409 3198 los.
432 3136 532 3203 lscan.
553 3137 609 3204 Vl.
630 3135 703 3222 950.
745 3137 792 3202 As
805 3138 880 3216 sati
898 3159 1058 3224 praesaga
1074 3138 1164 3224 quies
1184 3139 1303 3200 hman-

210 3231 313 3317 daque
329 3235 399 3296 uisa
419 3235 569 3318 Telegoni
577 3235 707 3320 gladios
726 3251 913 3323 cognataque
926 3237 990 3300 telo
1012 3237 1183 3302 minamur.
1206 3237 1304 3300 Primo

210 3331 396 3414 simulacro,
429 3336 513 3398 inter
534 3335 706 3400 humanum
735 3337 937 3422 divinumque
957 3337 1075 3400 vultum
1098 3336 1220 3400 formae
1238 3358 1303 3421 pcr—

210 3429 398 3513 laudnhilis,
433 3435 623 3520 significatur
656 3437 852 3523 Telegonus,
884 3437 999 3522 quippe
1020 3457 1055 3498 ex
1076 3435 1171 3500 Circe
1192 3437 1250 3503 desa
1266 3437 1300 3497 ah

208 3531 326 3615 Ulixe,
360 3534 485 3600 mortali
512 3536 658 3620 homine,
699 3541 830 3622 genitus.
871 3538 965 3620 Quod
985 3535 1183 3600 simulacrum
1203 3537 1301 3612 Ulixi,

208 3631 288 3696 illud
309 3633 451 3719 amplecti
473 3639 622 3719 cupienti,
646 3638 688 3702 oh
711 3637 966 3702 necessitudinem
985 3647 1117 3702 mortem
1138 3637 1301 3700 minitatur.

210 3731 356 3801 Alterum
378 3741 500 3820 signum
521 3736 656 3804 iaculum
675 3751 721 3804 est
732 3738 889 3824 Telegoni,
910 3759 947 3802 ex
968 3739 1045 3801 mari
1066 3736 1199 3814 editum,
1223 3741 1298 3822 quip

209 3853 250 3916 pe
270 3855 304 3898 ns
325 3840 465 3900 marinae
484 3843 628 3903 turturis.
652 3839 733 3904 Illud
754 3861 788 3904 os
808 3840 943 3907 mittitur
963 3841 996 3904 in
1011 3837 1133 3908 Ulixen
1157 3834 1299 3921 Telegoni

208 3931 314 4009 l⁰³⁸¹¹2
339 3936 523 4021 Ulixemque
547 3947 580 4004 et
606 3937 797 4026 Telegonum
816 3941 976 4024 disiungit.
1018 3939 1192 4021 Disiunctio
1210 3935 1300 4024 aigul-
1361 3969 1362 4007 l

206 4031 280 4106 licat
301 4033 403 4100 Ulixis
424 4051 567 4102 mortem.

292 4137 390 4198 ossum
405 4169 448 4190 -··
461 4141 673 4217 simulacrum)
713 4139 959 4218 Pulcherrimam
979 4139 1126 4204 feminam
1144 4157 1202 4221 per
1219 4135 1300 4218 quit·
1360 4171 1361 4194 ÷

203 4238 268 4314 tem
293 4234 429 4318 vidisse,
464 4240 510 4306 ait
541 4239 695 4308 Nauticus
728 4261 759 4306 c.
780 4237 832 4311 88.
861 4239 916 4306 iol.
944 4239 1024 4328 162,
1046 4257 1140 4326 quam
1158 4231 1297 4326 prm&
1360 4207 1361 4289 l
