2860 4688
295 331 363 400 too
694 348 812 400 nrcrrs
838 345 1013 400 eumerus

288 540 459 643 receptui
482 539 615 616 datum
640 559 704 625 est,
730 541 888 615 victores
911 537 1079 641 laetique
1103 535 1152 614 ad
1173 563 1276 618 nares
1297 565 1341 616 re·

287 659 421 759 gressi,
451 657 610 732 morab
634 663 916 760 Agamemnone
940 674 1142 756 coenatum
1167 655 1340 734 deducun-

288 790 364 849 tur.
416 773 477 848 Iti
512 774 607 848 Aiax
630 772 883 848 conlaudatus
913 798 935 846 a
959 797 1045 875 rege
1073 771 1185 848 donis
1208 775 1344 877 egregiis

284 887 515 966 honoratur:
555 914 681 992 neque
723 886 864 992 reliqui
902 880 1016 963 duces
1048 886 1146 964 facta
1186 909 1344 992 gestaque

282 1003 357 1080 viri
378 1005 530 1081 silentio
556 1007 777 1082 remittunt:
802 1001 948 1107 quippe
973 1001 1114 1106 singuli
1140 1005 1343 1082 extollentes

280 1120 464 1196 virtutem
489 1145 698 1197 memorare
722 1119 836 1196 fortia
860 1118 969 1209 facta,
994 1143 1136 1196 eversas
1158 1120 1208 1195 ab
1232 1145 1273 1197 eo
1296 1139 1343 1197 tot

278 1236 465 1340 Phrygiae
498 1239 683 1322 civitates,
722 1235 979 1340 abductasque
1012 1235 1194 1340 praedas,
1235 1235 1343 1314 etad

278 1369 513 1456 postremum
548 1353 589 1430 in
624 1354 711 1458 ipsis
744 1351 909 1428 navibus
934 1350 1133 1429 adversum
1157 1353 1344 1430 Hectorem

279 1469 468 1572 egregiam
492 1497 672 1584 pugnam,
705 1471 961 1572 liberatosque
984 1469 1065 1572 igni
1082 1471 1234 1546 selaeseu
1280 1473 1342 1546 Ne-

278 1609 355 1686 que
379 1586 563 1690 cuiquem
594 1584 776 1678 dubium,
815 1585 914 1689 quin
947 1610 989 1661 ea
1027 1578 1260 1691 tempestate,
1296 1605 1344 1663 tot

275 1699 433 1804 egregiis
477 1729 522 1779 ee
557 1701 825 1808 pulcherrimis
864 1701 962 1778 eius¹
981 1700 1232 1792 facinoribus,
1271 1727 1345 1806 spes

277 1841 408 1893 omnes
426 1835 543 1920 atque
563 1843 651 1922 opes
676 1818 836 1892 militiae
861 1819 902 1892 in
930 1818 996 1892 tali
1023 1819 1106 1894 viro
1122 1819 1342 1894 sisterentur.

168 1957 171 1964 ⁴
275 1933 453 2010 Ceterum
486 1961 618 2039 proras
651 1933 816 2010 duarum
850 1933 1021 2024 nuvium,
1057 1934 1199 2036 quibus
1223 1935 1346 2008 illatus

273 2050 373 2151 iguis
391 2075 473 2126 eam
493 2070 641 2156 partem
658 2050 924 2127 tantummodo
942 2067 1212 2138 consumserat,
1236 2052 1345 2154 Epios

274 2167 382 2242 brevi
405 2167 583 2244 restituit
632 2171 809 2272 Tumque
833 2166 980 2258 Graeci,
1006 2166 1080 2242 rati
1105 2185 1189 2272 post
1211 2167 1345 2243 malurn

274 2307 445 2385 pugnam
475 2284 659 2360 Troianos
692 2284 854 2360 ulterius
882 2282 992 2362 nihil
1015 2282 1152 2363 hostile
1174 2307 1345 2374 ausuros,

274 2397 397 2500 quieti
421 2425 465 2474 ao
488 2399 569 2475 sine
596 2417 737 2477 terrore
763 2425 883 2504 egere.

371 2516 484 2593 XLV.
517 2520 607 2598 ,Per
631 2515 732 2593 idem
759 2535 910 2622 tempus
942 2513 1101 2608 Rhesus,
1137 2515 1258 2598 Elone
1286 2539 1345 2620 ge

227 2719 229 2722 ,
273 2631 387 2717 nitus,
411 2629 516 2708 haud
540 2634 687 2732 alienus
712 2661 734 2709 a
758 2634 901 2709 Priami
918 2632 1098 2726 amicitia,
1123 2649 1232 2740 pacta
1249 2657 1348 2708 mer-

241 2835 247 2848 ,
272 2747 363 2824 cedo
388 2775 477 2826 eum
501 2729 646 2856 magriis
669 2747 864 2829 Thracum
887 2749 1007 2860 copiis
1026 2749 1265 2828 adventabat.
1313 2753 1351 2825 ls

268 2863 468 2944 incedente
505 2866 582 2944 iam
614 2893 765 2974 vespera
803 2868 997 2976 paulisper
1035 2883 1204 2948 moratus
1241 2863 1352 2973 apud

280 3043 563 3069 *un——

286 3207 294 3220 ¹,
334 3149 395 3204 virt·
410 3151 523 3206 silentio
541 3150 652 3220 remiss.)
671 3151 748 3204 Bere.
769 3157 797 3204 et
815 3153 841 3204 S.
860 3153 931 3207 Gall.
948 3145 1242 3225 oppjvtrtttsttruta.
1260 3149 1352 3218 Wop-

266 3216 342 3272 tens.
359 3236 387 3288 ρ,
404 3222 458 3286 ta,
485 3224 533 3294 qul
550 3223 580 3274 ln
598 3219 645 3273 Ed.
663 3222 756 3274 Daeer.
783 3221 854 3277 vidit
875 3223 1042 3292 admittunt,
1073 3228 1230 3294 suspicetur
1268 3223 1357 3274 omit·

203 3311 209 3324 .
266 3301 335 3342 tunt.
371 3289 447 3341 Nihil
466 3289 563 3344 lr'orum
580 3292 697 3344 latinum
716 3301 763 3346 est.
801 3295 907 3348 Dicitur
927 3305 1018 3358 eutem
1036 3295 1149 3350 attentio
1168 3295 1357 3368 praetermis-

265 3373 341 3423 tere,
359 3364 499 3424 transire.
515 3365 687 3435 praeterire,
708 3373 738 3415 ut
756 3381 777 3416 e.
796 3364 838 3416 tr.

265 3429 421 3554 cratfhru'a
431 3432 527 3556 βακε)
548 3431 596 3487 Ed.
614 3433 700 3487 Ptine.
709 3435 795 3508 Jlsete
803 3434 907 3508 sortia
925 3451 952 3492 r.
969 3434 1005 3490 ad
1023 3450 1045 3490 e
1062 3435 1105 3492 25.
1139 3433 1288 3491 Praeterea
1303 3433 1357 3485 Eu

331 3519 474 3558 .memora
1219 3511 1223 3528 ⁸

332 3573 429 3644 Epioe)
449 3573 496 3626 Ed.
508 3572 598 3660 'Prius
616 3572 705 3641 Epire
721 3577 824 3630 restitit
842 3575 924 3630 brevi.
947 3575 1018 3630 Tum
1037 3576 1062 3630 S.
1076 3575 1146 3627 Gall.
1165 3590 1231 3645 opp.
1253 3573 1359 3628 Tunc-

262 3647 740 3786 ⁹¹²⁶·xlt5¹¹tl.²t.l”‘tl.ttlt
757 3647 1002 3788 itt-:ttitltl
1018 3646 1158 3778 :llts‘a
1175 3721 1204 3767 s
1224 3713 1362 3779 m...

261 3786 303 3840 ris
319 3793 347 3836 et
363 3787 472 3852 Amyris
489 3794 539 3837 eet.
577 3785 622 3836 Sis
639 3787 711 3854 apud
730 3787 832 3855 Dietyn
851 3790 882 3838 ll.
899 3784 942 3856 45.
955 3789 1053 3856 opinor
1062 3786 1145 3838 sertbt
1162 3783 1270 3838 debore
1282 3783 1364 3836 rute-

260 3873 306 3908 sus
322 3857 445 3911 Deioueo
463 3858 588 3928 genitus,
607 3863 639 3908 nt
655 3865 696 3911 ert
714 3857 743 3908 in
760 3865 813 3908 vet.
833 3856 915 3920 God.,
944 3873 1025 3928 quem
1043 3853 1185 3926 posside03
1212 3855 1305 3922 vulgo
1325 3851 1368 3906 de

260 3927 382 3981 Eremo.
418 3925 538 3979 Homero
551 3927 647 3989 Ῥῆσος
664 3933 732 3984 παῖς
750 3929 893 3995 lilerium
915 3929 990 3980 unde
1012 3925 1149 3981 Mereorus
1172 3927 1276 3980 Elone
1307 3941 1368 3993 ge-

260 3999 342 4051 nitus.
379 3999 509 4052 llerruns
527 3995 560 4049 ad
580 3997 659 4054 ond.
678 3997 744 4052 Met.
763 3997 821 4051 llll.
850 4001 912 4068 672.
950 3997 1004 4052 Sed
1024 3999 1052 4055 S.
1077 3996 1147 4050 Gall.
1171 4011 1227 4047 ree.
1260 3995 1312 4046 tx.
1336 4000 1368 4044 rt

259 4081 336 4122 moue
353 4067 430 4121 Bern.
447 4069 561 4122 Sistens.
597 4070 623 4122 S.
649 4069 719 4121 Gall.
744 4085 807 4140 opp.
829 4070 901 4124 ione·
927 4065 974 4122 tt
1003 4068 1091 4125 Prius.
1117 4065 1185 4121 lose.
1213 4065 1299 4118 Crat-
1330 4063 1368 4117 de

259 4140 378 4196 Eroneo.
401 4169 437 4179 -
452 4137 516 4190 llos
537 4139 563 4190 S.
583 4139 653 4191 Gall.
675 4155 737 4208 opp.
754 4151 839 4212 parta
856 4152 935 4194 neers.

327 4207 471 4265 insedente
488 4210 543 4264 iam
560 4212 689 4282 vespere)
703 4211 751 4263 Ed.
770 4210 844 4270 Crat,
862 4216 891 4263 et
909 4207 975 4261 Otr.
993 4207 1133 4268 insidente
1148 4207 1206 4261 tan
1216 4222 1368 4274 uespera.
