2860 4688
283 355 335 430 Μ
672 375 793 428 pierre
817 377 996 430 cantantis

282 591 419 643 eorum
451 563 660 671 patientia,
698 583 784 670 post
819 581 876 643 tot
903 565 1098 644 bellorum
1130 569 1362 650 victoriosae

282 683 383 761 facta
406 681 543 766 sortia.
580 681 860 788 Hippodamia,
894 709 1113 762 conoessum
1138 715 1211 791 pro
1237 690 1362 766 labori·

285 799 359 876 bus
404 796 643 902 praemium,
698 823 769 903 per
824 797 1014 876 iniuriam
1063 801 1232 880 abducta
1280 827 1362 882 esset

285 911 388 990 Dein
410 914 604 990 venientes
627 911 679 988 ad
701 937 740 988 se
765 909 882 990 ducet
904 912 1017 991 aditu
1047 916 1277 1024 prohibere,
1316 947 1362 996 ne

283 1055 363 1133 que
388 1028 571 1132 cuiquam
594 1029 810 1107 amicorum
835 1029 1048 1134 ignoscere,
1073 1034 1145 1137 qui
1161 1061 1226 1125 ee,
1246 1038 1362 1114 adrer-

283 1171 371 1222 eum
402 1146 697 1250 Agamemnonis
730 1146 989 1224 contumeliae
1016 1175 1142 1250 quum
1172 1149 1362 1228 defendere

284 1261 438 1351 liceret,
471 1261 733 1341 deseruissent.
790 1267 903 1340 Intue
938 1262 1061 1366 igitur
1090 1293 1274 1356 manens,
1310 1273 1363 1346 Pa-

287 1381 456 1456 troclum
478 1396 518 1459 et
543 1379 795 1465 Phoenicem,
819 1378 928 1458 hunc
950 1407 1106 1462 morum
1131 1386 1363 1489 magistrum,

286 1497 454 1574 alterum
491 1495 682 1601 obsequiis
715 1497 908 1576 amicitiae
939 1524 1094 1590 carum,
1130 1521 1171 1578 et
1202 1503 1363 1607 aurigam

286 1640 402 1692 suum
426 1614 749 1692 Automedontem
773 1639 903 1692 secum
928 1616 1130 1694 retinebat.

388 1730 549 1809 XXXV.
599 1735 672 1808 Per
692 1729 796 1808 idem
818 1750 970 1839 tempus
985 1733 1090 1839 apud
1101 1735 1256 1810 Troiam
1275 1761 1363 1812 exer

224 1917 227 1932 ,
287 1844 388 1924 citus
412 1845 614 1934 sociorum,
639 1845 788 1950 quique
813 1845 987 1923 mercede
1011 1848 1194 1926 conducti
1219 1851 1363 1927 auxilia

286 1987 351 2060 res
389 1962 518 2068 copiae
561 1961 820 2054 adduxerant,
860 1983 1031 2070 tempore
1074 1967 1198 2042 multo
1240 1968 1363 2043 frusta

292 2080 405 2166 trito,
444 2078 637 2170 taedione,
670 2107 722 2158 an
756 2080 1020 2165 recordatione
1050 2108 1209 2160 suorum
1233 2084 1363 2160 domui

294 2195 442 2275 tionem
466 2197 719 2305 accipiebant·
770 2197 891 2299 Quod
914 2197 985 2275 ubi
1000 2198 1288 2280 animadvertit
1313 2205 1363 2278 He

364 2482 481 2538 XXXlV.
518 2481 833 2559 retinendarum.
863 2486 930 2542 Mox
946 2501 997 2560 pto
1016 2487 1167 2546 enitentes
1187 2487 1263 2548 cist
1282 2503 1364 2546 errat

291 2555 373 2612 Betu.
392 2553 597 2614 disseruissent.

364 2627 470 2698 rernm)
489 2627 590 2696 Scripsi
609 2635 638 2681 et
657 2627 726 2680 editi
743 2626 811 2681 libri
833 2626 957 2684 elas-ron.
993 2630 1074 2689 bern.
1090 2635 1183 2686 tamen
1206 2647 1304 2688 esrum
1325 2627 1346 2682 i.
1363 2657 1364 2672 t

293 2712 396 2753 cenem.
434 2697 483 2752 lid.
501 2699 598 2757 Dacer.
615 2701 731 2756 ctam.
767 2699 810 2754 Ci.
830 2699 920 2756 Gloss.

364 2767 467 2822 XXXV.
504 2781 621 2842 tempore
638 2767 818 2824 n-‹lonutr
835 2769 1023 2842 accipiebant)
1053 2769 1143 2824 Totus
1161 2767 1209 2824 hie
1226 2767 1307 2822 locus
1336 2783 1362 2818 m

294 2853 355 2891 sere
373 2841 498 2892 turbatus
518 2850 577 2893 erst
593 2853 648 2894 tsrn
667 2841 697 2892 in
714 2842 831 2911 vulgatis
850 2857 931 2914 quam
958 2844 989 2894 in
1015 2841 1123 2911 seriptis
1144 2840 1233 2894 libris.
1277 2839 1314 2894 ln
1334 2838 1364 2892 ill

294 2907 443 2964 edebatur:
460 2923 580 2982 ternpore
588 2913 752 2986 ftmtrrto,
771 2909 926 2976 seditione,
953 2909 1020 2966 odio
1044 2929 1084 2966 en
1101 2907 1299 2966 recordatione
1327 2927 1364 2964 sto

293 2979 471 3034 tumbellam
486 2999 546 3034 non
561 2981 745 3055 recipiebant.
778 2983 811 3034 ln
827 2981 900 3036 libro
919 2981 1059 3035 Danielis:
1081 2993 1132 3036 tem
1169 2999 1200 3035 re
1217 2981 1304 3034 multo
1322 2983 1364 3054 srt

293 3062 353 3104 stre
367 3054 448 3105 tritos
465 3049 588 3108 editions
605 3071 644 3106 en
655 3049 852 3108 recordatione
868 3069 979 3108 suerunt
997 3050 1072 3106 dorsi
1085 3071 1114 3106 ss
1135 3053 1248 3106 itionem
1264 3053 1364 3120 ueripr'

293 3116 371 3178 bant.
410 3123 441 3174 ln
459 3123 565 3176 altero:
583 3136 702 3196 tempore
715 3121 856 3194 frustrati
878 3121 1078 3178 interditione
1097 3140 1135 3174 nn
1152 3139 1208 3178 ree.
1225 3119 1364 3174 edonis

293 3187 429 3245 ditionem
447 3191 631 3263 recipiebant.
665 3195 687 3246 tt
706 3192 808 3262 quibus
827 3193 988 3247 continuavi
1008 3193 1176 3256 lectionem,
1200 3209 1281 3263 quam
1302 3191 1364 3243 edit

294 3259 363 3313 baec
380 3271 573 3332 repraesentat.
592 3263 802 3332 corrumpendo
819 3263 880 3316 loro
897 3263 952 3316 duo
969 3265 1094 3317 fuerunt:
1112 3263 1316 3333 primumquod
1338 3281 1364 3314 u<

293 3329 443 3398 capiebant
462 3331 626 3401 elegantiam
643 3331 727 3387 buius
736 3336 869 3387 sermonis
879 3333 1011 3389 taedione
1024 3353 1064 3389 ess
1077 3331 1285 3397 recordatione,
1305 3349 1364 3402 qus

294 3401 400 3474 ubique
418 3401 484 3454 mali
506 3403 626 3458 editores
643 3411 839 3472 corruperant,
857 3411 888 3457 at
904 3405 1023 3457 dirimas
1040 3419 1121 3474 sopra
1139 3403 1203 3467 (lib.
1215 3406 1235 3458 l.
1253 3405 1365 3474 19).stt

293 3487 354 3526 tum
371 3473 509 3544 ignoratio
529 3476 587 3528 sati
610 3489 659 3526 nae
676 3477 750 3528 voris
770 3473 977 3536 domuitionem,
994 3491 1077 3547 qssm
1091 3483 1123 3533 et
1131 3491 1214 3545 euprs
1229 3471 1291 3544 (lib.
1304 3475 1328 3524 Ι.
1342 3495 1364 3528 αι

195 3573 199 3584 .
293 3542 497 3613 explicavimus.
517 3544 579 3600 Non
589 3491 706 3598 dubium
716 3554 774 3609 est,
789 3547 857 3619 quin
864 3545 934 3598 beet
943 3548 982 3600 eit
992 3548 1112 3616 genuine
1120 3545 1238 3598 audetis
1245 3545 1364 3613 scriptur

294 3613 454 3674 Mesenae.
469 3615 584 3669 Mercari
594 3614 813 3670 emendationem
822 3618 963 3686 amplexus
975 3624 1017 3669 est
1026 3615 1190 3680 Obrechtus,
1200 3617 1230 3668 irs
1248 3631 1282 3668 ee
1298 3624 1362 3666 tam

294 3683 436 3750 diversus,
464 3685 540 3758 qood
564 3702 614 3755 pro
632 3687 747 3742 Mercari
765 3689 914 3758 eripiebant
939 3689 1040 3740 rectior
1068 3687 1178 3740 dederit
1202 3688 1264 3742 otei
1289 3687 1364 3739 'ebat

293 3753 841 3826 albabeturinEd.Crat.etoptimo
861 3758 1126 3820 S.Gall.sec.1li,
1152 3759 1239 3829 fitque
1269 3759 1364 3808 aeillir

293 3842 328 3880 ex
346 3835 500 3882 ceterorum
519 3843 659 3890 meorum,
678 3827 800 3899 itemque
820 3827 935 3882 Merceri
954 3828 1087 3880 librorum
1106 3831 1241 3896 scriptura
1266 3831 1364 3898 eers'p,

294 3896 370 3952 bant.
405 3897 490 3968 Quod
507 3907 596 3952 cetere
614 3899 735 3964 attinet,
754 3915 831 3954 meus
850 3901 928 3952 Bern.
945 3915 1007 3953 aum
1024 3899 1150 3953 Danielis
1160 3897 1234 3952 libro
1250 3913 1364 3950 conver

293 3967 426 4022 differunt
441 3967 477 4022 sb
495 3969 545 4024 illo
561 3969 588 4022 S.
607 3969 679 4022 (tait
697 3987 761 4039 opp.
781 3976 811 4024 et
830 3968 878 4021 Ed.
896 3969 984 4021 Princ.
1005 3985 1057 4031 eo,
1075 3969 1150 4040 quod
1170 3968 1218 4020 ille
1236 3973 1287 4036 pio
1307 3971 1364 4022 trit

292 4035 417 4094 editione
434 4040 551 4110 praebet
570 4043 641 4095 trito
667 4038 817 4102 teditione,
845 4039 913 4094 bsee
919 4040 1051 4114 frustari
1067 4039 1142 4094 tedio
1167 4059 1214 4094 en.
1258 4037 1364 4107 Optim

293 4117 386 4162 erstem
404 4109 432 4164 S.
452 4109 522 4164 Gall.
540 4125 594 4164 see.
615 4111 659 4164 tx.
678 4111 824 4164 manifesto
843 4109 916 4165 favet
929 4109 1047 4171 Mereeri
1065 4109 1270 4167 emendationi,
1295 4111 1321 4160 si
1353 4130 1364 4164 r

293 4179 369 4306 iiii
386 4179 1288 4326 tiit-,iiiiiiit‘it'tnt‘t:tittiidlit
1306 4179 1364 4306 {¹22¹
