2762 4684
186 323 209 386 4
233 323 238 336 '
576 325 735 384 nunnus
750 323 908 384 Pflnretl

140 563 144 572 .
189 531 244 574 eos
261 505 400 596 hospites
415 507 564 589 hahebat,
587 519 619 573 et
635 509 674 572 ab
694 506 741 572 eis
755 507 950 575 validissime
966 508 1135 575 emebatur.
1186 509 1289 576 Pelius

189 635 244 676 rex
260 625 295 676 ut
314 611 395 676 vidit
410 609 557 676 Iasonem
579 623 737 700 acceptum
753 635 823 676 esse
840 615 1000 694 omnibus,
1021 615 1139 678 veritus
1161 627 1225 694 est,
1246 637 1287 678 ne

188 717 249 780 sibi
261 717 389 778 iniurius
403 718 525 794 iaceret,
552 726 584 777 et
598 737 633 778 se
647 735 742 796 regno
758 717 880 780 eiceret.
928 716 1013 780 Dicit
1026 714 1142 797 lasoni,
1164 716 1286 782 Colchis

186 821 302 906 pellem
324 819 428 882 arietis
448 820 729 899 inauratamesse,
750 817 878 900 dignam
902 821 969 883 eius
993 821 1123 884 virtute:
1160 833 1196 884 ut
1218 843 1284 884 eam

187 920 261 986 inde
278 924 424 1001 auferret,
448 923 554 984 omnia
574 943 608 986 se
623 922 654 984 ei
671 919 813 986 daturum
833 923 1002 1010 pollicetur.
1051 920 1146 987 Iason
1163 925 1218 987 ubi
1232 945 1284 987 on-

187 1023 282 1106 divit,
309 1037 343 1088 ut
359 1037 423 1089 erat
437 1026 535 1088 animi
549 1025 728 1104 fortissimi,
755 1039 787 1089 et
803 1028 855 1111 qui
875 1027 943 1090 loca
957 1026 1063 1090 omnia
1079 1047 1177 1090 nosse
1198 1031 1282 1091 rule-

187 1130 250 1208 hat,
276 1141 367 1214 atque
378 1129 539 1191 clariorem
552 1149 587 1191 se
602 1129 800 1192 existimabat
813 1133 965 1208 futurum,
991 1131 1018 1193 si
1032 1131 1148 1216 pellem
1162 1133 1282 1194 maura-

186 1244 253 1295 tam
267 1231 390 1296 Colchis
405 1232 599 1310 abstulisset,
625 1229 700 1294 dicit
721 1232 826 1296 Peliae
846 1233 926 1314 regi,
950 1253 984 1295 se
1005 1235 1086 1296 selle
1108 1253 1147 1296 eo
1171 1236 1232 1313 ire,
1257 1235 1282 1296 si

185 1336 270 1401 vires
293 1335 429 1419 sociique
451 1357 516 1398 non
540 1332 694 1398 deessent.
744 1335 847 1400 Pelias
873 1357 931 1400 rex
953 1335 1065 1417 Argum
1086 1335 1282 1400 architectum

186 1439 291 1504 vocari
310 1437 408 1516 iussit,
436 1449 467 1500 et
482 1437 513 1499 ei
525 1439 673 1524 imperat,
692 1449 728 1498 ut
739 1440 847 1503 navim
863 1436 1038 1503 aedificaret
1053 1459 1146 1523 quam
1166 1443 1282 1528 pulner-

185 1542 315 1620 rimam,
342 1539 383 1603 ad
403 1542 596 1604 voluntatem
613 1539 746 1604 Iasonis.
796 1541 856 1606 Per
875 1553 975 1606 totam
994 1541 1159 1606 Graeciam
1181 1563 1282 1606 rumor

186 1645 332 1745 cucurrit,
358 1665 472 1708 navem
486 1641 660 1723 aedificari,
682 1644 716 1708 in
734 1665 794 1729 qua
809 1643 941 1708 Colchos
965 1657 1015 1708 eet
1032 1644 1147 1724 Iason,
1173 1649 1280 1734 pellem

185 1767 312 1810 auream
324 1748 485 1834 petiturus.
534 1747 635 1811 Amici
644 1753 682 1810 'et
695 1747 835 1834 hospites
850 1745 890 1811 ad
907 1747 1052 1813 Iasonem
1065 1761 1229 1826 venerunt,
1254 1761 1281 1810 et
1362 1765 1363 1790 t

183 1851 366 1940 pollicentur
384 1871 419 1912 se
440 1871 503 1913 une
520 1851 627 1915 ituros.
678 1847 774 1914 Isson
787 1851 848 1914 illis
864 1854 979 1933 gratim
995 1853 1072 1932 agit,
1101 1863 1136 1914 et
1153 1853 1279 1933 rogarit,

183 1965 219 2016 ut
237 1953 337 2041 parati
359 1965 482 2031 essent,
516 1975 611 2038 quum
633 1962 757 2039 tempus
780 1957 1019 2040 supervenisset.
1071 1951 1170 2018 Iason
1192 1977 1280 2041 quum

183 2067 305 2144 tempus
320 2057 506 2142 supervenit,
519 2058 636 2118 litteras
650 2053 693 2118 ad
710 2077 765 2120 eos
780 2059 875 2137 misit,
901 2059 954 2144 qui
970 2070 1058 2121 erant
1070 2059 1203 2145 polliciti
1218 2080 1281 2122 sese

183 2181 245 2223 una
257 2160 372 2224 ituros:
399 2170 431 2220 et
451 2160 533 2222 illico
550 2172 759 2222 convenerunt
771 2159 811 2222 ad
826 2181 957 2242 novem,
986 2162 1072 2224 cuius
1085 2181 1207 2224 nomen
1223 2173 1282 2225 erat

183 2263 274 2345 Argo.
322 2261 425 2326 Pelias
438 2284 510 2340 rex,
537 2282 615 2346 quae
633 2284 710 2349 opus
723 2265 858 2343 fuerant,
876 2265 911 2326 in
923 2266 1031 2328 navim
1046 2265 1169 2351 imponi
1184 2266 1281 2342 iussit,
1362 2321 1363 2338 ,

183 2379 215 2430 et
234 2367 374 2431 hortatus
396 2377 444 2427 est
464 2364 611 2428 Iasonem
634 2377 666 2427 et
687 2366 739 2452 qui
760 2387 831 2428 cum
855 2387 894 2428 eo
915 2367 989 2432 ituri
1007 2379 1108 2446 erant,
1129 2370 1281 2432 utauiun
1362 2413 1363 2424 t

182 2471 257 2536 lorti
273 2467 313 2532 ad
325 2466 548 2555 perficiendum
563 2468 658 2547 irent,
684 2488 763 2554 quae
779 2471 883 2533 conati
895 2474 1009 2534 essent.
1056 2469 1106 2532 Ea
1124 2491 1176 2534 res
1193 2473 1280 2534 cluri-

181 2583 279 2638 tatem
296 2569 444 2637 Graeciae
462 2583 494 2634 et
513 2572 592 2657 ipsis
613 2575 729 2633 factura
745 2570 920 2637 uidebatur.
969 2571 1192 2638 Demonstrare
1216 2595 1282 2653 eos,

182 2677 237 2762 qui
258 2697 330 2739 cum
345 2674 456 2738 Iasone
474 2676 606 2762 profecti
629 2685 713 2754 sunt,
736 2696 801 2740 non
815 2687 957 2742 noenum
974 2689 1039 2741 est:
1061 2675 1121 2740 sed
1141 2679 1194 2764 qui
1216 2679 1282 2744 nrtt

182 2799 239 2847 eoa
253 2799 453 2862 cognoscere,
471 2778 661 2860 Argonautas
675 2779 766 2858 legat.

654 2947 749 3014 Gur.
770 2945 813 3017 Π.

283 3081 378 3151 lason
391 3097 426 3150 ut
442 3084 483 3149 ad
499 3083 668 3170 Phrygiam
679 3085 783 3167 venit,
802 3106 916 3153 narem
937 3083 1079 3152 admovit
1098 3084 1140 3152 ad
1159 3097 1279 3175 portam

180 3187 353 3256 Simoenta.
402 3189 527 3253 Deinde
541 3211 650 3254 omnes
668 3187 707 3252 de
719 3190 795 3256 navi
809 3192 950 3256 exierunt
966 3188 1006 3253 ad
1021 3203 1146 3254 terram.
1196 3192 1278 3256 Lao-

179 3291 322 3358 medonti
339 3292 405 3371 regi
421 3292 629 3356 Troianorum
648 3295 824 3358 nuntiatum
840 3306 904 3374 est,
928 3293 1103 3358 mirandam
1122 3296 1233 3358 navim
1247 3295 1280 3356 in

179 3409 304 3486 portum
320 3389 480 3460 Simoenta
497 3379 645 3476 intrasse,
666 3407 698 3460 et
716 3399 751 3460 in
766 3419 804 3460 eu
818 3399 934 3460 multos
949 3399 1078 3460 iuvenes
1097 3395 1137 3460 de
1150 3395 1280 3463 Graecia

181 3499 329 3566 advectos
343 3519 424 3563 esse.
473 3498 537 3562 ttbi
551 3497 672 3565 audivit
688 3497 872 3566 Laomedon
889 3521 960 3580 rex,
983 3511 1157 3564 commotus
1172 3511 1229 3578 est,
1249 3513 1280 3562 et

180 3603 396 3680 consideravit,
422 3621 584 3666 commune
601 3605 771 3692 periculum
784 3625 864 3684 esse,
879 3604 908 3667 si
920 3615 1155 3668 consuescerent
1167 3601 1279 3668 Graeci

179 3702 222 3772 ad
236 3727 293 3772 sue
304 3705 408 3770 littora
421 3707 553 3786 naribus
567 3704 745 3772 adventare.
795 3705 893 3774 lllittit
906 3708 1010 3794 itaque
1022 3705 1064 3771 od
1076 3719 1208 3795 portum,
1226 3709 1279 3793 qni

180 3809 298 3890 dicant,
320 3819 354 3872 ut
370 3803 482 3874 Graeci
498 3807 537 3872 de
550 3811 664 3874 linibus
681 3812 749 3874 eius
766 3807 944 3874 discedant:
967 3813 1017 3874 sin
1037 3811 1120 3874 dicto
1134 3831 1199 3876 non
1219 3813 1279 3874 ob-

179 3911 340 3978 audientes
357 3921 477 3990 essent,
502 3931 573 3976 sese
587 3913 682 3976 munis
697 3933 752 3976 eos
769 3913 809 3976 de
822 3915 936 3976 finibus
955 3915 1135 3986 eiectmm.
1183 3911 1278 3977 Isson

178 4027 212 4079 et
226 4017 280 4102 qui
292 4035 362 4078 cnm
376 4036 414 4079 eo
435 4025 600 4095 renerent,
621 4017 756 4096 graviter
770 4019 903 4082 tulerunt
917 4015 1128 4081 crudelitatem
1141 4016 1277 4082 Laome-

179 4115 300 4198 dontis,
327 4117 372 4180 sic
396 4135 432 4180 se
451 4117 491 4180 eh
513 4137 552 4183 eo
572 4119 712 4199 neuun,
732 4141 827 4206 quum
839 4121 924 4184 nulla
946 4121 985 4184 ab
1000 4121 1048 4184 eis
1061 4121 1176 4185 iniuria
1196 4123 1277 4182 lacta

178 4230 278 4286 casata
301 4219 394 4282 simul
413 4227 446 4284 et
465 4217 617 4286 timebunt
633 4221 864 4290 multitudinem
883 4224 1099 4306 harbarorum,
1125 4225 1275 4290 unauna
