2808 4686
228 371 299 446 348
580 393 798 450 cnossianos
824 393 891 442 nn.
916 385 965 444 ιν.

223 584 513 663 gnavit,fir1'atnr.
556 583 719 666 Hegesipp.
741 583 783 644 V.
802 603 830 642 a.
849 583 912 643 sine
927 581 1050 668 proelio
1070 581 1181 642 bostem
1191 579 1308 660 serite.

224 681 266 744 V.
289 682 338 749 38.
365 685 419 765 qni
425 684 591 763 flammas
597 685 769 764 fugientem
776 683 905 760 [σήπει.

306 782 394 848 XIII.
433 785 478 842 uti
496 803 542 842 ies
563 782 761 865 exposcebat)
814 779 886 845 Sall.
909 783 973 863 lug.
1006 800 1052 864 7⁰·
1071 782 1118 840 ati
1137 799 1184 840 nes
1200 799 1309 862 posce·
1382 769 1383 790 ¹

228 893 280 941 net.
303 880 355 941 ubi
375 891 476 942 cutem
499 879 538 945 nl.
559 893 739 964 exposceret.

309 999 454 1041 sommam
474 981 605 1042 mc'litt'ae
625 981 760 1042 orbatam
778 993 807 1040 et
819 975 974 1040 ademtam
986 975 1224 1061 compltnn'mum)
1244 977 1311 1038 na-

228 1079 310 1140 ccnin
330 1079 473 1158 adnotat,
497 1079 556 1141 dici
578 1079 672 1142 latine
694 1100 755 1141 non
777 1099 865 1162 posse
886 1097 1039 1176 summam*
1052 1080 1099 1137 rei
1115 1077 1227 1142 cidari.
1250 1077 1310 1138 At-

228 1179 282 1260 qui
304 1179 379 1240 dicit
398 1181 582 1262 Septimiuss
604 1201 721 1240 stemma
740 1180 869 1240 militiae
891 1178 997 1241 orbata
1016 1189 1078 1256 est,
1099 1178 1122 1237 i.
1144 1195 1171 1238 e.
1192 1178 1308 1239 orbita·

228 1287 261 1339 te
278 1278 405 1355 allecta,
437 1281 509 1361 quia
543 1276 607 1343 scil.
636 1279 722 1358 qnasi
747 1278 886 1340 columen
909 1297 1016 1338 nerum
1037 1279 1221 1336 Graecarum
1241 1297 1311 1338 cum

226 1387 325 1438 morte
341 1376 469 1441 Achillis
489 1377 630 1446 concidit.
671 1379 776 1441 Proba
797 1397 890 1462 porco
909 1375 1076 1438 enuntiatio
1096 1385 1140 1437 est
1159 1374 1309 1436 admota

225 1475 480 1558 complun'mnm,
511 1497 612 1560 neque
640 1499 740 1556 nova,
772 1489 808 1540 nt
835 1477 964 1539 Daoeria
990 1485 1097 1559 putat3
1117 1475 1307 1558 significans:

225 1572 349 1636 Achille
375 1578 537 1638 interemto
556 1580 691 1640 Graecos
718 1576 767 1641 vel
786 1579 917 1639 maximo
945 1576 1057 1637 damno
1076 1574 1214 1650 affectos,
1241 1595 1307 1634 ma-

226 1674 366 1756 ximoque
389 1675 571 1740 fortitudinis
586 1678 733 1760 praesidio
757 1679 891 1760 paleatos
911 1697 984 1741 esse.
1006 1675 1152 1737 Infinitivi
1173 1673 1309 1757 pendent

225 1773 265 1834 ab
285 1771 478 1859 intelligendo
500 1775 611 1838 verbns
632 1776 820 1853 sentiebant,
843 1773 997 1839 dolebant.
1037 1774 1159 1836 Summa
1179 1771 1307 1833 militias

226 1870 300 1934 dicit
319 1873 480 1957 Hegesipp.
501 1874 541 1940 ll.
564 1875 689 1952 14111.
714 1897 741 1943 1.
762 1875 803 1938 V.
822 1877 871 1942 5².
1047 1870 1052 1884 ⁴

307 1974 356 2034 oui
373 1975 441 2034 viro
461 1994 525 2055 egr.
555 2005 597 2025 ···
618 1975 757 2049 Ie'oneeit)
806 1975 865 2036 aa·
893 1975 914 2039 i.
940 1997 968 2038 e.
996 1994 1065 2037 oum
1089 1975 1144 2051 ei,
1173 1971 1246 2034 licet
1269 1971 1305 2038 el.

225 2070 351 2136 Sueton.
374 2071 468 2156 Calig.
488 2093 539 2156 29.
558 2071 669 2134 adiecit
677 2117 691 2146 ,
712 2079 914 2136 necessariam
936 2095 996 2136 esse
1021 2073 1174 2155 sangtdnt's
1193 2072 1306 2132 nuno-

228 2191 317 2248 nem,
341 2173 391 2233 cui
419 2171 539 2234 tamdiu
569 2192 629 2234 non
648 2171 803 2256 prodesset
830 2173 998 2240 elledonme.
1019 2171 1060 2233 al.
1079 2193 1146 2233 cum
1165 2171 1304 2248 tamdiu

226 2269 282 2331 sed
299 2273 349 2332 σαι·
363 2281 426 2334 este
450 2293 521 2334 cum
553 2273 591 2340 ei.
612 2272 695 2356 Sept.
716 2271 756 2338 V.
779 2271 824 2353 14.
847 2275 913 2357 quis
933 2277 1024 2335 etiam
1045 2291 1122 2334 nnnc
1143 2271 1254 2332 belom
1274 2273 1306 2330 in

226 2371 383 2447 mortibus,
412 2385 502 2458 atqzoe
520 2373 638 2434 hostiles
665 2375 775 2436 multae
795 2374 929 2436 actim
950 2375 1231 2454 cimmnmpemt.
1248 2368 1303 2430 nbi

226 2469 268 2532 al.
292 2491 379 2552 qmm
400 2474 515 2547 eticm3
543 2472 594 2535 sed
614 2475 679 2554 qud
699 2484 765 2535 est:
800 2495 871 2536 cuna
891 2473 943 2552 iis,
964 2472 1033 2534 licet
1052 2473 1099 2536 iis.
1120 2501 1161 2518 -·
1180 2470 1305 2531 Senten-

225 2571 337 2632 tiarum
356 2572 449 2632 totius
480 2570 539 2633 loci
559 2570 650 2654 paulo
668 2571 773 2633 durior
804 2593 908 2638 noxus.
949 2571 1078 2633 Plunmi
1096 2569 1206 2631 milites
1225 2565 1306 2630 houd

228 2669 270 2732 ita
291 2669 455 2748 dolebant,
490 2673 536 2734 uti
556 2693 606 2734 res
638 2673 798 2754 poscebatc
832 2683 969 2733 ceterum
989 2682 1182 2732 tamencum
1204 2665 1306 2730 dolose

229 2770 427 2850 sentiebant,
459 2769 588 2834 abillis
619 2783 747 2834 moisem
768 2773 931 2832 maximum
951 2771 1097 2832 damnum
1117 2770 1241 2830 Graccis
1261 2765 1306 2827 in·

228 2866 342 2936 tulisse.
384 2870 487 2948 Quare
520 2871 553 2932 id
574 2893 695 2955 quoquc
716 2869 853 2933 dolonem
874 2872 993 2951 movit,
1013 2867 1164 2952 quodvis
1183 2863 1305 2928 lectissi-

226 2987 315 3045 mns,
335 2970 367 3030 in
389 2990 450 3051 quo
469 2973 528 3032 sita
549 2976 648 3034 omnis
668 2993 735 3056 spes
758 2983 788 3033 et
806 2972 1013 3048 fidnci'aerat,
1032 2981 1135 3030 umen
1156 2989 1197 3029 ne
1216 2966 1308 3027 bone-

183 3075 187 3082 '
228 3077 305 3128 nam
326 3066 451 3149 quidem
472 3082 620 3146 montem,
652 3075 672 3138 i.
693 3094 721 3133 c.
741 3072 839 3154 palam
860 3081 893 3133 ct
913 3079 1018 3153 aperto
1038 3087 1147 3152 campo
1171 3087 1308 3152 pugnan-

227 3161 286 3240 do,
305 3165 358 3226 sed
379 3165 496 3230 insidiis
516 3170 548 3230 in
568 3168 637 3231 luco
657 3181 792 3253 perenm
803 3217 814 3249 ,
834 3171 1015 3254 oppetiisset.

311 3285 371 3325 non
391 3264 524 3343 destitit,
555 3274 662 3351 quiam)
705 3267 803 3336 Intell.
825 3292 886 3333 non
917 3273 1145 3354 p1·ius,quam.
1184 3265 1234 3328 De
1251 3283 1311 3350 que

228 3362 325 3448 ellipni
349 3365 454 3431 Sanct.
474 3367 550 3431 Min.
573 3368 626 3430 IV.
645 3391 675 3452 7.
694 3389 723 3452 p.
744 3369 817 3454 699.

311 3465 567 3550 coadunarentur)
610 3467 690 3530 Vide
709 3469 747 3530 de
762 3471 820 3532 hoo
839 3473 937 3533 verbo
955 3468 1085 3534 Pcaelat,
1103 3487 1134 3550 p.
1146 3465 1232 3530 LVI.

307 3565 386 3626 ctera
405 3566 532 3627 virilem
551 3567 688 3646 modam)
736 3569 871 3634 Trebell.
902 3569 980 3637 Poll.
1014 3571 1046 3631 in
1073 3569 1145 3649 trig.
1168 3579 1228 3649 tyr.
1260 3563 1310 3630 So.

228 3662 509 3742 ultrasoeminenm
529 3665 661 3728 modum.
703 3669 815 3753 Sulpic.
845 3673 909 3736 Vit.
941 3673 1035 3732 Mart
1054 3687 1084 3733 a.
1105 3687 1135 3748 7.
1156 3667 1238 3726 alvu
1258 3666 1313 3722 ἢν·

227 3781 348 3824 mamtm
365 3765 498 3826 modum.
517 3765 630 3829 Totum
650 3766 752 3830 locum
773 3773 845 3832 citat
865 3770 950 3832 Cont.
971 3769 1010 3830 ad
1030 3765 1102 3830 Sall.
1117 3765 1182 3847 lug.
1203 3759 1258 3823 82.
1279 3779 1310 3820 a.

308 3865 513 3945 pemolnemt)
554 3865 627 3948 Cap·
653 3888 700 3952 17.
720 3891 809 3954 quem
830 3901 868 3920 -·
888 3868 1026 3955 patentis
1047 3865 1113 3927 loca
1128 3859 1313 3946 percolebat.

230 3958 257 4020 1.
278 3961 329 4022 25.
350 3961 430 4024 Eion
451 3997 492 4010 ·-
513 3985 573 4026 non
590 3985 673 4027 secus
691 3991 782 4053 quam
798 3983 961 4054 parentem
984 3968 1070 4028 miles
1089 3963 1187 4026 nands
1203 3979 1313 4045 peno-

162 4125 167 4132 ,
228 4059 316 4126 lebat.
357 4061 473 4122 Eadem
506 4063 537 4122 vi
563 4063 678 4126 dictum
705 4069 876 4152 peccoleie,
898 4089 959 4154 qua
980 4061 1106 4150 simplex
1129 4059 1236 4124 colere.
1256 4057 1313 4122 vi-

229 4160 289 4222 cies
309 4160 354 4222 ita
374 4159 531 4243 Apuleius.

313 4258 399 4322 xlv.
417 4260 511 4324 Alex.
530 4278 739 4346 cannamomum)
761 4270 791 4340 la.
806 4289 834 4334 e.
859 4269 987 4340 lacinus.
1007 4267 1053 4329 Ita
1069 4255 1313 4326 lustinus&
