2698 4688
268 406 352 455 xviri
701 365 948 447 innonccno.

266 589 393 667 suidas,
427 591 493 651 eius
513 588 605 650 libros
629 582 770 666 ἱστορίαν
790 565 953 643 Iiudocia.¹
978 577 1145 638 Historicae
1165 572 1239 634 huic
1262 573 1278 634 it

266 707 349 760 arcte
369 697 531 758 coniuncta
552 703 598 754 est
617 691 786 762 rhetorica,
821 705 900 768 quae
923 686 953 744 in
976 685 1079 765 primis
1100 679 1278 741 laudatura

266 801 454 866 sterioribus.
502 797 684 878 Anonymus
708 796 740 854 in
762 791 846 854 Prol.
871 791 962 852 Rhet.
992 787 1071 871 apud
1094 784 1188 847 allas.
1209 787 1231 849 l.
1253 787 1274 847 l.

267 904 324 972 καὶ
344 901 404 988 γὰρ
425 905 542 976 Δίκτυς
564 898 581 964 d
602 893 805 972 Κνώσισςὲ-
820 891 915 977 δῆλός
933 893 1019 958 ἐστιν
1037 891 1154 954 sidiam
1170 891 1278 973 τέχνηι

270 1006 407 1096 rupturis».
446 1010 712 1092 Δημηγσρσῦντας
734 1000 795 1088 γὰρ
817 1000 935 1084 εἰσάγει
956 996 1031 1074 τούς
1050 991 1176 1082 ἥρωας,
1199 1001 1278 1061 Παλ,

269 1121 327 1200 δην
351 1119 468 1181 ἐκεῖνον
491 1113 547 1180 καί
563 1111 719 1178 Ὀδυσσέα
747 1113 803 1174 καί
830 1110 990 1174 Meschoi
1010 1107 1044 1170 ἐν
1072 1107 1113 1191 τῇ
1130 1099 1210 1167 κατὰ
1242 1105 1278 1186 Tr

269 1221 368 1306 βουλῇ
390 1221 445 1282 καί
464 1218 497 1282 dr
519 1221 556 1305 τῇ
577 1214 657 1302 πρὸς
680 1215 791 1300 Τροΐας
812 1215 983 1302 πρεσβείᾳ,
1010 1207 1066 1274 καὶ
1086 1207 1221 1285 πολλοὺς
1245 1202 1278 1271 ἄλ

270 1319 373 1400 ἄλλως
394 1325 461 1400 πῶς
481 1321 715 1408 ῥητορεύσντας.
758 1323 823 1383 Hac
838 1323 931 1405 igitur
944 1330 1044 1382 mente
1061 1321 1167 1404 Dictys
1180 1339 1278 1380 consor

269 1431 386 1496 bellum
414 1432 603 1510 Troianum,
634 1440 763 1510 atquea
791 1411 880 1510 raptu
903 1427 1036 1489 Helenae
1056 1447 1197 1507 exorsus,
1229 1429 1278 1502 sin,

269 1561 318 1603 res
334 1541 406 1602 inde
426 1540 557 1600 Graecos
578 1540 656 1599 inter
674 1537 885 1618 Troianosque
902 1545 1009 1618 gestas,
1032 1536 1123 1596 etiam
1140 1536 1278 1616 antiquio

173 1676 177 1688 ·
269 1667 380 1709 nexum
399 1645 581 1728 pertinentia
601 1643 748 1722 intexens,
769 1645 913 1720 continuo
938 1641 1118 1701 narrationis
1139 1639 1191 1702 iilo
1212 1663 1278 1724 usqi

270 1765 389 1837 captam
401 1754 526 1813 Troiam
541 1752 690 1832 exposuit,
704 1750 811 1831 hisque
826 1747 935 1828 adiecit
949 1743 1081 1809 reditum
1096 1761 1127 1809 et
1143 1749 1203 1810 lata
1227 1751 1278 1826 sini

270 1881 340 1922 mm
357 1859 485 1920 heroum
505 1868 575 1940 post
594 1856 703 1917 Troiae
725 1855 886 1934 excidium,
908 1855 1015 1915 finiens
1035 1875 1104 1915 cum
1124 1865 1222 1917 morte
1241 1853 1278 1916 Ul

272 1975 363 2048 atque
384 1965 458 2024 haec
478 1974 514 2024 ut
533 1964 694 2025 histor-icus
714 1966 755 2026 ita
775 1973 891 2043 narrat,
913 1963 971 2037 uti,
994 1962 1120 2024 deorum
1142 1962 1263 2046 exploso

272 2091 321 2132 ses
349 2069 498 2131 humanas
529 2073 720 2150 interventu,
754 2071 930 2132 humanitus
964 2071 1066 2131 omnis
1100 2069 1165 2130 lieri
1197 2079 1278 2151 potui

274 2179 379 2255 Quare
402 2171 562 2238 historicos
581 2179 694 2262 Dictyn
715 2191 853 2240 secutum
877 2199 960 2256 esse,
997 2176 1036 2238 ad
1056 2175 1236 2260 illorumque
1255 2179 1278 2237 si

273 2286 411 2348 tudinem
437 2289 625 2347 narrationes
650 2287 791 2348 accedere
812 2299 981 2369 exspectes,
1009 2288 1063 2366 qui
1084 2290 1144 2346 iam
1166 2295 1236 2345 ante
1258 2305 1278 2364 p

274 2411 345 2452 rum
374 2392 413 2454 de
446 2383 531 2453 bello
552 2393 688 2453 Troiano
720 2393 893 2456 fictionibus
920 2395 1056 2455 veritatis
1082 2403 1184 2452 notam
1204 2391 1278 2472 impr

274 2509 364 2576 rant3
399 2500 429 2558 in
458 2485 590 2581 quoruln
619 2523 745 2563 numero
775 2503 907 2563 habendi
928 2505 1105 2583 praesertim
1122 2501 1216 2578 sunt,
1244 2521 1278 2584 qr

276 2605 367 2666 rebus
387 2605 525 2684 Troicis,
546 2616 582 2665 ut
602 2605 784 2683 Hecataeus,
808 2604 856 2668 vel
879 2608 969 2666 ctiam
991 2609 1043 2689 qui
1067 2607 1105 2667 de
1125 2605 1278 2688 originibui

275 2710 440 2793 polorum,
473 2713 513 2773 ad
533 2735 581 2776 res
598 2717 746 2778 Troianas
766 2715 959 2798 aliquomodo
980 2715 1218 2798 pertinentibus,
1239 2735 1278 2775 sci

276 2829 367 2880 runt:
391 2817 563 2880 tabularum
581 2821 671 2880 etiam
692 2840 711 2880 a
731 2820 915 2899 rhetoribus,
937 2824 1150 2904 grammaticis,
1171 2819 1248 2890 aliis,
1272 2823 1278 2880 l

279 2923 491 3008 explicationes
508 2935 543 2984 et
565 2925 788 2988 immutationes
808 2929 939 3010 reperire
959 2947 1079 3009 speces3
1102 2927 1233 3008 itemque
1256 2947 1278 3006 q

237 3063 240 3069 ·
278 3033 479 3111 inquinantur
498 3032 675 3114 mythorum
697 3035 874 3097 collectores
904 3047 934 3097 et
953 3035 1149 3110 scholiastae,
1185 3036 1278 3116 quipp

278 3135 499 3216 antiquissimas
527 3134 643 3197 fabulas
665 3158 683 3197 a
708 3142 911 3220 posteriorum
941 3142 1185 3223 corruptionibus
1214 3161 1274 3200 nnn

278 3251 367 3303 caute
389 3241 589 3316 seiunxerint,
620 3241 867 3325 explicationibus
888 3247 1096 3330 allegoriisque
1117 3248 1206 3311 illecti
1226 3251 1278 3311 hisi

277 3350 494 3433 propagarint,
525 3348 645 3432 alisque
674 3353 732 3435 ipsi
759 3353 865 3416 audaci
895 3378 988 3418 manu
1017 3359 1207 3437 addiderint,
1240 3379 1278 3418 ve

278 3457 353 3518 falsa
376 3459 545 3519 miscentes.
590 3461 794 3542 Reperiuntur
813 3467 947 3546 passim,
980 3487 1057 3548 quae
1083 3467 1122 3527 ad
1143 3468 1269 3526 istorum

278 3563 506 3628 similitudinem
527 3567 705 3655 videantur3
734 3591 842 3633 verum
864 3575 894 3635 in
924 3577 1097 3636 universum
1117 3575 1227 3634 frustra
1247 3570 1278 3632 ill

280 3675 424 3755 spectatio
455 3685 511 3735 est.
559 3675 681 3738 Etenim
710 3679 897 3761 antiquitatis
930 3681 1135 3743 characterem
1171 3679 1278 3740 obtenti

281 3780 388 3862 Dictys
418 3777 458 3839 ad
488 3778 694 3862 antiquiorum
721 3781 864 3845 historias
892 3807 925 3846 se
951 3785 1137 3868 adstringere
1163 3807 1225 3846 non
1247 3785 1278 3845 de

272 3886 380 3968 ,lactus
407 3885 488 3946 enim
519 3886 594 3950 alios
623 3891 775 3972 sequendo
809 3915 906 3956 novus
939 3906 1037 3976 esset,
1068 3896 1194 3978 ideoque
1215 3895 1272 3955 fide

283 3989 405 4070 dignus.
454 3989 502 4052 Ut
529 3991 619 4054 fidem
649 3999 835 4078 acquireret,
865 4010 980 4061 mutata
1006 4012 1094 4062 erant
1116 3999 1203 4062 aliter
1227 4012 1278 4061 trai

283 4097 405 4168 manda,
431 4097 478 4157 vel
500 4099 604 4163 saltem
629 4103 716 4164 facies
737 4107 901 4184 mutanda,
929 4107 978 4169 vel
999 4111 1124 4171 omnino
1139 4107 1278 4190 spernend

285 4205 417 4287 tiquiora
445 4203 564 4289 aliaque
592 4208 776 4292 retingenda.
825 4214 928 4296 Atque
949 4213 1007 4275 hoc
1030 4217 1134 4278 fecisse
1158 4219 1278 4298 Dictyn,
