<?xml version="1.0" encoding="UTF-8"?>
<!DOCTYPE html PUBLIC "-//W3C//DTD XHTML 1.0 Transitional//EN"
    "http://www.w3.org/TR/xhtml1/DTD/xhtml1-transitional.dtd">
<html xmlns="http://www.w3.org/1999/xhtml" xml:lang="en" lang="en">
 <head>
  <title>
</title>
<meta http-equiv="Content-Type" content="text/html;charset=utf-8" />
  <meta name='ocr-system' content='tesseract 3.04.00' />
  <meta name='ocr-capabilities' content='ocr_page ocr_carea ocr_par ocr_line ocrx_word'/>
</head>
<body>
  <div class='ocr_page' id='page_1' title='image "./dictyscretensis00dictgoog/dictyscretensis00dictgoog_0166.png"; bbox 0 0 2726 4686; ppageno 0'>
   <div class='ocr_carea' id='block_1_1' title="bbox 253 311 954 382">
    <p class='ocr_par' dir='ltr' id='par_1_1' title="bbox 253 311 954 382">
     <span class='ocr_line' id='line_1_1' title="bbox 253 311 954 382; baseline 0 0"><span class='ocrx_word' id='word_1_1' title='bbox 253 311 301 382; x_wconf 81' lang='lat' dir='ltr'><strong>to</strong></span> <span class='ocrx_word' id='word_1_2' title='bbox 635 331 750 380; x_wconf 83' lang='lat' dir='ltr'><strong>otorrs</strong></span> <span class='ocrx_word' id='word_1_3' title='bbox 776 331 954 382; x_wconf 74' lang='lat' dir='ltr'><strong>caurensis</strong></span> 
     </span>
    </p>
   </div>
   <div class='ocr_carea' id='block_1_2' title="bbox 142 517 1317 2716">
    <p class='ocr_par' dir='ltr' id='par_1_2' title="bbox 142 517 1317 2362">
     <span class='ocr_line' id='line_1_2' title="bbox 251 517 1317 628; baseline 0.002 -30"><span class='ocrx_word' id='word_1_4' title='bbox 251 517 364 598; x_wconf 87' lang='lat' dir='ltr'><strong>candi</strong></span> <span class='ocrx_word' id='word_1_5' title='bbox 390 521 511 625; x_wconf 81' lang='lat' dir='ltr'><strong>gratia</strong></span> <span class='ocrx_word' id='word_1_6' title='bbox 532 545 602 626; x_wconf 86' lang='lat' dir='ltr'><strong>per</strong></span> <span class='ocrx_word' id='word_1_7' title='bbox 624 547 775 597; x_wconf 88' lang='lat' dir='ltr'><strong>omnem</strong></span> <span class='ocrx_word' id='word_1_8' title='bbox 795 522 1088 628; x_wconf 74' lang='lat' dir='ltr'><strong>Hellespontum</strong></span> <span class='ocrx_word' id='word_1_9' title='bbox 1104 543 1317 602; x_wconf 75' lang='lat' dir='ltr'><strong>commutato</strong></span> 
     </span>
     <span class='ocr_line' id='line_1_3' title="bbox 251 637 1317 742; baseline -0.002 -30"><span class='ocrx_word' id='word_1_10' title='bbox 251 663 313 714; x_wconf 82' lang='lat' dir='ltr'><strong>res</strong></span> <span class='ocrx_word' id='word_1_11' title='bbox 337 664 426 712; x_wconf 90' lang='lat' dir='ltr'><strong>cum</strong></span> <span class='ocrx_word' id='word_1_12' title='bbox 451 638 587 713; x_wconf 83' lang='lat' dir='ltr'>accolis</span> <span class='ocrx_word' id='word_1_13' title='bbox 610 637 728 728; x_wconf 86' lang='lat' dir='ltr'><strong>sueti,</strong></span> <span class='ocrx_word' id='word_1_14' title='bbox 755 640 861 712; x_wconf 90' lang='lat' dir='ltr'><strong>ultro</strong></span> <span class='ocrx_word' id='word_1_15' title='bbox 888 648 1063 742; x_wconf 86' lang='lat' dir='ltr'><strong>citroque</strong></span> <span class='ocrx_word' id='word_1_16' title='bbox 1088 639 1317 740; x_wconf 80' lang='lat' dir='ltr'><strong>vagabantur</strong></span> 
     </span>
     <span class='ocr_line' id='line_1_4' title="bbox 253 755 1317 855; baseline 0.001 -28"><span class='ocrx_word' id='word_1_17' title='bbox 253 771 377 828; x_wconf 85' lang='lat' dir='ltr'><strong>metus</strong></span> <span class='ocrx_word' id='word_1_18' title='bbox 407 770 524 855; x_wconf 87' lang='lat' dir='ltr'><strong>atque</strong></span> <span class='ocrx_word' id='word_1_19' title='bbox 560 779 713 828; x_wconf 90' lang='lat' dir='ltr'><strong>moeror</strong></span> <span class='ocrx_word' id='word_1_20' title='bbox 751 755 946 830; x_wconf 86' lang='lat' dir='ltr'><strong>universos</strong></span> <span class='ocrx_word' id='word_1_21' title='bbox 983 757 1172 848; x_wconf 88' lang='lat' dir='ltr'><strong>invasere;</strong></span> <span class='ocrx_word' id='word_1_22' title='bbox 1214 781 1317 855; x_wconf 91' lang='lat' dir='ltr'><strong>quun</strong></span> 
     </span>
     <span class='ocr_line' id='line_1_5' title="bbox 142 854 1317 972; baseline -0.004 -26"><span class='ocrx_word' id='word_1_23' title='bbox 142 877 146 888; x_wconf 88' lang='lat'>&#39;</span> <span class='ocrx_word' id='word_1_24' title='bbox 247 867 402 970; x_wconf 75' lang='lat' dir='ltr'><strong>cinguli,</strong></span> <span class='ocrx_word' id='word_1_25' title='bbox 427 869 571 970; x_wconf 84' lang='lat' dir='ltr'><strong>quibus</strong></span> <span class='ocrx_word' id='word_1_26' title='bbox 595 869 644 942; x_wconf 92' lang='lat' dir='ltr'><strong>ab</strong></span> <span class='ocrx_word' id='word_1_27' title='bbox 666 869 780 944; x_wconf 91' lang='lat' dir='ltr'><strong>initio</strong></span> <span class='ocrx_word' id='word_1_28' title='bbox 799 854 1005 944; x_wconf 86' lang='lat' dir='ltr'><strong>Alexandri</strong></span> <span class='ocrx_word' id='word_1_29' title='bbox 1032 870 1180 945; x_wconf 85' lang='lat' dir='ltr'><strong>facinus</strong></span> <span class='ocrx_word' id='word_1_30' title='bbox 1208 869 1317 972; x_wconf 88' lang='lat' dir='ltr'><strong>displi</strong></span> 
     </span>
     <span class='ocr_line' id='line_1_6' title="bbox 248 984 1317 1075; baseline -0.001 -16"><span class='ocrx_word' id='word_1_31' title='bbox 248 1001 405 1067; x_wconf 86' lang='lat' dir='ltr'><strong>onerat,</strong></span> <span class='ocrx_word' id='word_1_32' title='bbox 430 984 529 1058; x_wconf 88' lang='lat' dir='ltr'><strong>male</strong></span> <span class='ocrx_word' id='word_1_33' title='bbox 554 1002 684 1059; x_wconf 90' lang='lat' dir='ltr'><strong>actum</strong></span> <span class='ocrx_word' id='word_1_34' title='bbox 708 985 908 1060; x_wconf 86' lang='lat' dir='ltr'><strong>adversum</strong></span> <span class='ocrx_word' id='word_1_35' title='bbox 932 987 1142 1075; x_wconf 83' lang='lat' dir='ltr'><strong>Graeciam,</strong></span> <span class='ocrx_word' id='word_1_36' title='bbox 1167 1005 1206 1062; x_wconf 89' lang='lat' dir='ltr'><strong>et</strong></span> <span class='ocrx_word' id='word_1_37' title='bbox 1227 987 1275 1059; x_wconf 92' lang='lat' dir='ltr'><strong>ob</strong></span> <span class='ocrx_word' id='word_1_38' title='bbox 1296 985 1317 1058; x_wconf 81' lang='lat' dir='ltr'><strong>it</strong></span> 
     </span>
     <span class='ocr_line' id='line_1_7' title="bbox 250 1089 1317 1206; baseline -0.001 -32"><span class='ocrx_word' id='word_1_39' title='bbox 250 1089 463 1204; x_wconf 85' lang='lat' dir='ltr'><strong>paucorum</strong></span> <span class='ocrx_word' id='word_1_40' title='bbox 481 1099 668 1205; x_wconf 80' lang='lat' dir='ltr'><strong>pravitate</strong></span> <span class='ocrx_word' id='word_1_41' title='bbox 686 1101 726 1175; x_wconf 91' lang='lat' dir='ltr'><strong>in</strong></span> <span class='ocrx_word' id='word_1_42' title='bbox 745 1127 989 1178; x_wconf 89' lang='lat' dir='ltr'><strong>communem</strong></span> <span class='ocrx_word' id='word_1_43' title='bbox 1004 1102 1214 1206; x_wconf 86' lang='lat' dir='ltr'><strong>perniciem</strong></span> <span class='ocrx_word' id='word_1_44' title='bbox 1231 1125 1317 1206; x_wconf 88' lang='lat' dir='ltr'><strong>prae</strong></span> 
     </span>
     <span class='ocr_line' id='line_1_8' title="bbox 248 1215 1317 1321; baseline -0.005 -29"><span class='ocrx_word' id='word_1_45' title='bbox 248 1215 454 1321; x_wconf 88' lang='lat' dir='ltr'><strong>cipitatum</strong></span> <span class='ocrx_word' id='word_1_46' title='bbox 472 1216 522 1290; x_wconf 90' lang='lat' dir='ltr'><strong>iri</strong></span> <span class='ocrx_word' id='word_1_47' title='bbox 542 1234 781 1292; x_wconf 80' lang='lat' dir='ltr'><strong>testarentur.</strong></span> <span class='ocrx_word' id='word_1_48' title='bbox 832 1223 941 1293; x_wconf 88' lang='lat' dir='ltr'><strong>Inter</strong></span> <span class='ocrx_word' id='word_1_49' title='bbox 965 1243 1063 1320; x_wconf 89' lang='lat' dir='ltr'><strong>quae</strong></span> <span class='ocrx_word' id='word_1_50' title='bbox 1084 1236 1159 1292; x_wconf 90' lang='lat' dir='ltr'><strong>tam</strong></span> <span class='ocrx_word' id='word_1_51' title='bbox 1176 1217 1317 1292; x_wconf 78' lang='lat' dir='ltr'><strong>sollicitt</strong></span> 
     </span>
     <span class='ocr_line' id='line_1_9' title="bbox 249 1333 1317 1436; baseline -0.002 -30"><span class='ocrx_word' id='word_1_52' title='bbox 249 1359 387 1434; x_wconf 78' lang='lat' dir='ltr'><strong>magna</strong></span> <span class='ocrx_word' id='word_1_53' title='bbox 413 1359 504 1408; x_wconf 81' lang='lat' dir='ltr'><strong>cura</strong></span> <span class='ocrx_word' id='word_1_54' title='bbox 530 1333 711 1436; x_wconf 90' lang='lat' dir='ltr'><strong>plurimi,</strong></span> <span class='ocrx_word' id='word_1_55' title='bbox 735 1359 782 1407; x_wconf 83' lang='lat' dir='ltr'><strong>ex</strong></span> <span class='ocrx_word' id='word_1_56' title='bbox 812 1335 918 1408; x_wconf 90' lang='lat' dir='ltr'><strong>omni</strong></span> <span class='ocrx_word' id='word_1_57' title='bbox 951 1333 1089 1408; x_wconf 88' lang='lat' dir='ltr'><strong>ordine</strong></span> <span class='ocrx_word' id='word_1_58' title='bbox 1122 1334 1250 1421; x_wconf 86' lang='lat' dir='ltr'><strong>electi,</strong></span> <span class='ocrx_word' id='word_1_59' title='bbox 1287 1359 1317 1404; x_wconf 78' lang='lat' dir='ltr'><strong>at</strong></span> 
     </span>
     <span class='ocr_line' id='line_1_10' title="bbox 196 1447 1317 1551; baseline -0.004 -29"><span class='ocrx_word' id='word_1_60' title='bbox 196 1520 198 1528; x_wconf 85' lang='grc'><em>,</em></span> <span class='ocrx_word' id='word_1_61' title='bbox 250 1447 511 1522; x_wconf 86' lang='lat' dir='ltr'><strong>contrahenda</strong></span> <span class='ocrx_word' id='word_1_62' title='bbox 548 1473 593 1520; x_wconf 87' lang='lat' dir='ltr'><strong>ex</strong></span> <span class='ocrx_word' id='word_1_63' title='bbox 630 1447 805 1523; x_wconf 85' lang='lat' dir='ltr'><strong>finitimis</strong></span> <span class='ocrx_word' id='word_1_64' title='bbox 837 1449 1056 1551; x_wconf 80' lang='lat' dir='ltr'><strong>regionibus</strong></span> <span class='ocrx_word' id='word_1_65' title='bbox 1103 1448 1247 1522; x_wconf 81' lang='lat' dir='ltr'><strong>auxilia</strong></span> <span class='ocrx_word' id='word_1_66' title='bbox 1284 1447 1317 1518; x_wconf 90' lang='lat' dir='ltr'><strong>al</strong></span> 
     </span>
     <span class='ocr_line' id='line_1_11' title="bbox 246 1561 1317 1666; baseline -0.006 -24"><span class='ocrx_word' id='word_1_67' title='bbox 246 1561 465 1642; x_wconf 80' lang='lat' dir='ltr'><strong>Alexandro</strong></span> <span class='ocrx_word' id='word_1_68' title='bbox 496 1563 658 1666; x_wconf 87' lang='lat' dir='ltr'><strong>aliisque</strong></span> <span class='ocrx_word' id='word_1_69' title='bbox 692 1564 859 1666; x_wconf 83' lang='lat' dir='ltr'><strong>pessimis</strong></span> <span class='ocrx_word' id='word_1_70' title='bbox 896 1565 1181 1639; x_wconf 88' lang='lat' dir='ltr'><strong>consultoribus</strong></span> <span class='ocrx_word' id='word_1_71' title='bbox 1209 1561 1317 1637; x_wconf 89' lang='lat' dir='ltr'><strong>dimit</strong></span> 
     </span>
     <span class='ocr_line' id='line_1_12' title="bbox 249 1679 1317 1784; baseline -0.006 -30"><span class='ocrx_word' id='word_1_72' title='bbox 249 1697 417 1780; x_wconf 69' lang='lat' dir='ltr'><strong>tunturt</strong></span> <span class='ocrx_word' id='word_1_73' title='bbox 436 1679 571 1782; x_wconf 82' lang='lat' dir='ltr'><strong>bisque</strong></span> <span class='ocrx_word' id='word_1_74' title='bbox 592 1679 816 1770; x_wconf 86' lang='lat' dir='ltr'><strong>mandatur,</strong></span> <span class='ocrx_word' id='word_1_75' title='bbox 841 1682 900 1756; x_wconf 90' lang='lat' dir='ltr'><strong>uti</strong></span> <span class='ocrx_word' id='word_1_76' title='bbox 922 1680 1213 1784; x_wconf 84' lang='lat' dir='ltr'><strong>quamprimum</strong></span> <span class='ocrx_word' id='word_1_77' title='bbox 1229 1703 1317 1780; x_wconf 83' lang='lat' dir='ltr'><strong>expe</strong></span> 
     </span>
     <span class='ocr_line' id='line_1_13' title="bbox 249 1793 1317 1898; baseline -0.007 -28"><span class='ocrx_word' id='word_1_78' title='bbox 249 1795 331 1870; x_wconf 87' lang='lat' dir='ltr'><strong>dito</strong></span> <span class='ocrx_word' id='word_1_79' title='bbox 367 1796 518 1898; x_wconf 82' lang='lat' dir='ltr'><strong>negotio</strong></span> <span class='ocrx_word' id='word_1_80' title='bbox 550 1814 781 1875; x_wconf 78' lang='lat' dir='ltr'><strong>remearentt</strong></span> <span class='ocrx_word' id='word_1_81' title='bbox 822 1795 928 1898; x_wconf 91' lang='lat' dir='ltr'><strong>quod</strong></span> <span class='ocrx_word' id='word_1_82' title='bbox 960 1823 1003 1870; x_wconf 88' lang='lat' dir='ltr'><strong>ea</strong></span> <span class='ocrx_word' id='word_1_83' title='bbox 1029 1795 1150 1898; x_wconf 82' lang='lat' dir='ltr'><strong>gratia</strong></span> <span class='ocrx_word' id='word_1_84' title='bbox 1174 1793 1317 1868; x_wconf 83' lang='lat' dir='ltr'><strong>maxim</strong></span> 
     </span>
     <span class='ocr_line' id='line_1_14' title="bbox 247 1909 1317 2015; baseline -0.007 -27"><span class='ocrx_word' id='word_1_85' title='bbox 247 1939 269 1988; x_wconf 85' lang='lat' dir='ltr'><strong>a</strong></span> <span class='ocrx_word' id='word_1_86' title='bbox 303 1909 506 1986; x_wconf 85' lang='lat' dir='ltr'><strong>Priamidis</strong></span> <span class='ocrx_word' id='word_1_87' title='bbox 546 1911 822 2001; x_wconf 86' lang='lat' dir='ltr'><strong>festinabatur,</strong></span> <span class='ocrx_word' id='word_1_88' title='bbox 858 1912 918 1988; x_wconf 91' lang='lat' dir='ltr'><strong>uti</strong></span> <span class='ocrx_word' id='word_1_89' title='bbox 952 1935 1114 2015; x_wconf 83' lang='lat' dir='ltr'><strong>propere</strong></span> <span class='ocrx_word' id='word_1_90' title='bbox 1150 1910 1317 1984; x_wconf 79' lang='lat' dir='ltr'><strong>instruct</strong></span> 
     </span>
     <span class='ocr_line' id='line_1_15' title="bbox 249 2027 1317 2131; baseline -0.007 -28"><span class='ocrx_word' id='word_1_91' title='bbox 249 2027 419 2103; x_wconf 83' lang='lat' dir='ltr'><strong>exercitu</strong></span> <span class='ocrx_word' id='word_1_92' title='bbox 453 2044 602 2128; x_wconf 86' lang='lat' dir='ltr'><strong>tempus</strong></span> <span class='ocrx_word' id='word_1_93' title='bbox 633 2027 879 2131; x_wconf 85' lang='lat' dir='ltr'><strong>profectionis</strong></span> <span class='ocrx_word' id='word_1_94' title='bbox 903 2043 1188 2131; x_wconf 86' lang='lat' dir='ltr'><strong>antecaperent,</strong></span> <span class='ocrx_word' id='word_1_95' title='bbox 1222 2043 1317 2126; x_wconf 63' lang='lat' dir='ltr'><strong>atqui</strong></span> 
     </span>
     <span class='ocr_line' id='line_1_16' title="bbox 248 2140 1317 2247; baseline -0.008 -27"><span class='ocrx_word' id='word_1_96' title='bbox 248 2167 381 2232; x_wconf 87' lang='lat' dir='ltr'><strong>omne,</strong></span> <span class='ocrx_word' id='word_1_97' title='bbox 404 2141 511 2244; x_wconf 88' lang='lat' dir='ltr'><strong>quod</strong></span> <span class='ocrx_word' id='word_1_98' title='bbox 536 2143 762 2247; x_wconf 86' lang='lat' dir='ltr'><strong>parabatur,</strong></span> <span class='ocrx_word' id='word_1_99' title='bbox 794 2143 940 2218; x_wconf 90' lang='lat' dir='ltr'><strong>bellum</strong></span> <span class='ocrx_word' id='word_1_100' title='bbox 966 2144 1008 2218; x_wconf 94' lang='lat' dir='ltr'><strong>in</strong></span> <span class='ocrx_word' id='word_1_101' title='bbox 1035 2143 1204 2244; x_wconf 79' lang='lat' dir='ltr'><strong>regiones</strong></span> <span class='ocrx_word' id='word_1_102' title='bbox 1221 2140 1317 2214; x_wconf 84' lang='lat' dir='ltr'><strong>Grae</strong></span> 
     </span>
     <span class='ocr_line' id='line_1_17' title="bbox 249 2259 733 2362; baseline -0.006 -27"><span class='ocrx_word' id='word_1_103' title='bbox 249 2259 331 2336; x_wconf 84' lang='lat' dir='ltr'><strong>ciac</strong></span> <span class='ocrx_word' id='word_1_104' title='bbox 356 2276 692 2362; x_wconf 84' lang='lat' dir='ltr'><strong>transportaretur.</strong></span> <span class='ocrx_word' id='word_1_105' title='bbox 726 2299 733 2312; x_wconf 86' lang='lat'><strong>·</strong></span> 
     </span>
    </p>

    <p class='ocr_par' dir='ltr' id='par_1_3' title="bbox 249 2371 1317 2716">
     <span class='ocr_line' id='line_1_18' title="bbox 348 2371 1317 2480; baseline -0.008 -30"><span class='ocrx_word' id='word_1_106' title='bbox 348 2377 413 2450; x_wconf 84' lang='lat' dir='ltr'><strong>tx.</strong></span> <span class='ocrx_word' id='word_1_107' title='bbox 466 2375 572 2450; x_wconf 91' lang='lat' dir='ltr'><strong>Dum</strong></span> <span class='ocrx_word' id='word_1_108' title='bbox 598 2375 691 2450; x_wconf 86' lang='lat' dir='ltr'><strong>baec</strong></span> <span class='ocrx_word' id='word_1_109' title='bbox 716 2373 822 2480; x_wconf 85' lang='lat' dir='ltr'><strong>apud</strong></span> <span class='ocrx_word' id='word_1_110' title='bbox 844 2373 998 2450; x_wconf 85' lang='lat' dir='ltr'><strong>Troiam</strong></span> <span class='ocrx_word' id='word_1_111' title='bbox 1023 2391 1223 2476; x_wconf 83' lang='lat' dir='ltr'><strong>geruntur,</strong></span> <span class='ocrx_word' id='word_1_112' title='bbox 1247 2371 1317 2444; x_wconf 92' lang='lat' dir='ltr'><strong>Dio</strong></span> 
     </span>
     <span class='ocr_line' id='line_1_19' title="bbox 249 2489 1317 2595; baseline -0.011 -25"><span class='ocrx_word' id='word_1_113' title='bbox 249 2489 393 2580; x_wconf 85' lang='lat' dir='ltr'><strong>medes,</strong></span> <span class='ocrx_word' id='word_1_114' title='bbox 432 2489 601 2595; x_wconf 89' lang='lat' dir='ltr'><strong>incoepti</strong></span> <span class='ocrx_word' id='word_1_115' title='bbox 626 2517 758 2567; x_wconf 89' lang='lat' dir='ltr'><strong>eorum</strong></span> <span class='ocrx_word' id='word_1_116' title='bbox 786 2492 925 2566; x_wconf 88' lang='lat' dir='ltr'><strong>certior</strong></span> <span class='ocrx_word' id='word_1_117' title='bbox 950 2491 1086 2572; x_wconf 83' lang='lat' dir='ltr'><strong>factus,</strong></span> <span class='ocrx_word' id='word_1_118' title='bbox 1121 2515 1257 2590; x_wconf 83' lang='lat' dir='ltr'><strong>magna</strong></span> <span class='ocrx_word' id='word_1_119' title='bbox 1283 2511 1317 2558; x_wconf 89' lang='lat' dir='ltr'><strong>ce</strong></span> 
     </span>
     <span class='ocr_line' id='line_1_20' title="bbox 253 2604 1317 2716; baseline -0.008 -30"><span class='ocrx_word' id='word_1_120' title='bbox 253 2607 405 2686; x_wconf 75' lang='lat' dir='ltr'><strong>terium</strong></span> <span class='ocrx_word' id='word_1_121' title='bbox 429 2633 676 2715; x_wconf 89' lang='lat' dir='ltr'><strong>peromnem</strong></span> <span class='ocrx_word' id='word_1_122' title='bbox 701 2609 901 2684; x_wconf 84' lang='lat' dir='ltr'><strong>Graeciam</strong></span> <span class='ocrx_word' id='word_1_123' title='bbox 927 2622 1160 2716; x_wconf 82' lang='lat' dir='ltr'><strong>pervagatus,</strong></span> <span class='ocrx_word' id='word_1_124' title='bbox 1187 2604 1317 2680; x_wconf 78' lang='lat' dir='ltr'><strong>univer</strong></span> 
     </span>
    </p>
   </div>
   <div class='ocr_carea' id='block_1_3' title="bbox 250 2791 526 2811">
    <p class='ocr_par' dir='ltr' id='par_1_4' title="bbox 250 2791 526 2811">
     <span class='ocr_line' id='line_1_21' title="bbox 250 2791 526 2811; baseline 0.007 -4"><span class='ocrx_word' id='word_1_125' title='bbox 250 2791 526 2811; x_wconf 63' lang='grc' dir='ltr'><strong>ιυ--ιι-ι-υ-ιῃ</strong></span> 
     </span>
    </p>
   </div>
   <div class='ocr_carea' id='block_1_4' title="bbox 207 2915 1317 4260">
    <p class='ocr_par' dir='ltr' id='par_1_5' title="bbox 207 2915 1317 4260">
     <span class='ocr_line' id='line_1_22' title="bbox 254 2915 1317 2986; baseline -0.008 -12"><span class='ocrx_word' id='word_1_126' title='bbox 254 2927 301 2974; x_wconf 81' lang='lat' dir='ltr'><strong>tur</strong></span> <span class='ocrx_word' id='word_1_127' title='bbox 326 2921 356 2972; x_wconf 82' lang='lat' dir='ltr'><strong>tn</strong></span> <span class='ocrx_word' id='word_1_128' title='bbox 380 2922 482 2982; x_wconf 75' lang='lat' dir='ltr'><strong>Seteia.</strong></span> <span class='ocrx_word' id='word_1_129' title='bbox 508 2921 586 2975; x_wconf 77' lang='lat' dir='ltr'><strong>Rern.</strong></span> <span class='ocrx_word' id='word_1_130' title='bbox 613 2921 712 2986; x_wconf 75' lang='lat' dir='ltr'><strong>Scitis,</strong></span> <span class='ocrx_word' id='word_1_131' title='bbox 736 2921 784 2975; x_wconf 83' lang='lat' dir='ltr'><strong>nt.</strong></span> <span class='ocrx_word' id='word_1_132' title='bbox 811 2921 885 2976; x_wconf 79' lang='lat' dir='ltr'><strong>Crat.</strong></span> <span class='ocrx_word' id='word_1_133' title='bbox 902 2921 1012 2977; x_wconf 73' lang='lat' dir='ltr'><strong>tremit.</strong></span> <span class='ocrx_word' id='word_1_134' title='bbox 1046 2918 1159 2986; x_wconf 74' lang='lat' dir='ltr'><strong>Scythae</strong></span> <span class='ocrx_word' id='word_1_135' title='bbox 1177 2915 1317 2986; x_wconf 72' lang='lat' dir='ltr'><strong>significan</strong></span> 
     </span>
     <span class='ocr_line' id='line_1_23' title="bbox 255 2987 1317 3061; baseline -0.004 -19"><span class='ocrx_word' id='word_1_136' title='bbox 255 3007 307 3046; x_wconf 77' lang='lat' dir='ltr'><strong>uec</strong></span> <span class='ocrx_word' id='word_1_137' title='bbox 320 2991 404 3042; x_wconf 72' lang='lat' dir='ltr'><strong>alitam</strong></span> <span class='ocrx_word' id='word_1_138' title='bbox 418 2990 564 3060; x_wconf 84' lang='lat' dir='ltr'><strong>populum,</strong></span> <span class='ocrx_word' id='word_1_139' title='bbox 589 2993 633 3044; x_wconf 82' lang='lat' dir='ltr'><strong>vel</strong></span> <span class='ocrx_word' id='word_1_140' title='bbox 651 3011 685 3046; x_wconf 81' lang='lat' dir='ltr'><strong>ex</strong></span> <span class='ocrx_word' id='word_1_141' title='bbox 699 2994 779 3046; x_wconf 79' lang='lat' dir='ltr'><strong>initio</strong></span> <span class='ocrx_word' id='word_1_142' title='bbox 798 3008 857 3061; x_wconf 87' lang='lat' dir='ltr'><strong>cap,</strong></span> <span class='ocrx_word' id='word_1_143' title='bbox 881 3007 923 3043; x_wconf 84' lang='lat' dir='ltr'><strong>to.</strong></span> <span class='ocrx_word' id='word_1_144' title='bbox 941 2991 1036 3061; x_wconf 70' lang='lat' dir='ltr'><strong>liquet</strong></span> <span class='ocrx_word' id='word_1_145' title='bbox 1064 2991 1104 3042; x_wconf 85' lang='lat' dir='ltr'><strong>Cf.</strong></span> <span class='ocrx_word' id='word_1_146' title='bbox 1121 2988 1199 3039; x_wconf 77' lang='lat' dir='ltr'><strong>(thu.</strong></span> <span class='ocrx_word' id='word_1_147' title='bbox 1217 2987 1251 3038; x_wconf 85' lang='lat' dir='ltr'><strong>ad</strong></span> <span class='ocrx_word' id='word_1_148' title='bbox 1273 2990 1317 3038; x_wconf 75' lang='grc' dir='ltr'><strong>Ι.ι</strong></span> 
     </span>
     <span class='ocr_line' id='line_1_24' title="bbox 329 3057 1317 3131; baseline -0.006 -19"><span class='ocrx_word' id='word_1_149' title='bbox 329 3073 494 3114; x_wconf 66' lang='lat' dir='ltr'><strong>coniectare</strong></span> <span class='ocrx_word' id='word_1_150' title='bbox 513 3061 569 3131; x_wconf 77' lang='lat' dir='ltr'><strong>rea)</strong></span> <span class='ocrx_word' id='word_1_151' title='bbox 605 3061 653 3114; x_wconf 84' lang='lat' dir='ltr'><strong>Ed.</strong></span> <span class='ocrx_word' id='word_1_152' title='bbox 672 3063 785 3119; x_wconf 79' lang='lat' dir='ltr'><strong>Mediol.</strong></span> <span class='ocrx_word' id='word_1_153' title='bbox 800 3079 867 3118; x_wconf 79' lang='lat' dir='ltr'><strong>com.</strong></span> <span class='ocrx_word' id='word_1_154' title='bbox 889 3077 998 3115; x_wconf 78' lang='lat' dir='ltr'><strong>merces.</strong></span> <span class='ocrx_word' id='word_1_155' title='bbox 1018 3059 1070 3113; x_wconf 85' lang='lat' dir='ltr'><strong>Sed</strong></span> <span class='ocrx_word' id='word_1_156' title='bbox 1085 3059 1158 3111; x_wconf 85' lang='lat' dir='ltr'><strong>nibil</strong></span> <span class='ocrx_word' id='word_1_157' title='bbox 1172 3057 1317 3108; x_wconf 74' lang='lat' dir='ltr'><strong>mutaurlm</strong></span> 
     </span>
     <span class='ocr_line' id='line_1_25' title="bbox 258 3129 1317 3203; baseline 0.001 -23"><span class='ocrx_word' id='word_1_158' title='bbox 258 3129 326 3181; x_wconf 85' lang='lat' dir='ltr'><strong>Sall.</strong></span> <span class='ocrx_word' id='word_1_159' title='bbox 349 3129 406 3196; x_wconf 80' lang='lat' dir='ltr'><strong>lug.</strong></span> <span class='ocrx_word' id='word_1_160' title='bbox 432 3133 469 3184; x_wconf 84' lang='grc' dir='ltr'><strong>ι8.</strong></span> <span class='ocrx_word' id='word_1_161' title='bbox 485 3149 511 3198; x_wconf 88' lang='lat'><strong>9.</strong></span> <span class='ocrx_word' id='word_1_162' title='bbox 529 3133 598 3183; x_wconf 84' lang='lat' dir='ltr'><strong>Nam</strong></span> <span class='ocrx_word' id='word_1_163' title='bbox 608 3133 690 3203; x_wconf 80' lang='lat' dir='ltr'><strong>freto</strong></span> <span class='ocrx_word' id='word_1_164' title='bbox 708 3132 793 3186; x_wconf 78' lang='lat' dir='ltr'><strong>divisi</strong></span> <span class='ocrx_word' id='word_1_165' title='bbox 810 3133 845 3186; x_wconf 76' lang='lat' dir='ltr'><strong>ab</strong></span> <span class='ocrx_word' id='word_1_166' title='bbox 863 3132 1023 3202; x_wconf 76' lang='lat' dir='ltr'><strong>Hispania,</strong></span> <span class='ocrx_word' id='word_1_167' title='bbox 1041 3141 1147 3184; x_wconf 71' lang='lat' dir='ltr'><strong>mutare</strong></span> <span class='ocrx_word' id='word_1_168' title='bbox 1164 3147 1210 3184; x_wconf 79' lang='lat' dir='ltr'><strong>ret</strong></span> <span class='ocrx_word' id='word_1_169' title='bbox 1225 3129 1317 3181; x_wconf 48' lang='lat' dir='ltr'><strong>turer.</strong></span> 
     </span>
     <span class='ocr_line' id='line_1_26' title="bbox 259 3199 1030 3256; baseline -0.004 -2"><span class='ocrx_word' id='word_1_170' title='bbox 259 3199 450 3254; x_wconf 73' lang='lat' dir='ltr'><strong>instituerant.</strong></span> <span class='ocrx_word' id='word_1_171' title='bbox 470 3199 602 3253; x_wconf 77' lang='lat' dir='ltr'><strong>Ortum.</strong></span> <span class='ocrx_word' id='word_1_172' title='bbox 639 3203 728 3254; x_wconf 67' lang='lat' dir='ltr'><strong>uttan</strong></span> <span class='ocrx_word' id='word_1_173' title='bbox 748 3201 817 3254; x_wconf 83' lang='lat' dir='ltr'><strong>Crat.</strong></span> <span class='ocrx_word' id='word_1_174' title='bbox 837 3217 1030 3256; x_wconf 69' lang='lat' dir='ltr'><strong>commorere.</strong></span> 
     </span>
     <span class='ocr_line' id='line_1_27' title="bbox 330 3265 1317 3342; baseline -0.005 -20"><span class='ocrx_word' id='word_1_175' title='bbox 330 3272 409 3322; x_wconf 73' lang='lat' dir='ltr'><strong>ultro</strong></span> <span class='ocrx_word' id='word_1_176' title='bbox 424 3271 563 3342; x_wconf 62' lang='lat' dir='ltr'><strong>cumque}</strong></span> <span class='ocrx_word' id='word_1_177' title='bbox 599 3273 679 3324; x_wconf 74' lang='lat' dir='ltr'><strong>Rern.</strong></span> <span class='ocrx_word' id='word_1_178' title='bbox 707 3281 736 3324; x_wconf 84' lang='lat' dir='ltr'><strong>et</strong></span> <span class='ocrx_word' id='word_1_179' title='bbox 758 3271 811 3328; x_wconf 76' lang='lat' dir='ltr'><strong>tte.</strong></span> <span class='ocrx_word' id='word_1_180' title='bbox 833 3273 914 3324; x_wconf 67' lang='lat' dir='ltr'><strong>Mero.</strong></span> <span class='ocrx_word' id='word_1_181' title='bbox 940 3273 1017 3324; x_wconf 81' lang='lat' dir='ltr'><strong>ultro</strong></span> <span class='ocrx_word' id='word_1_182' title='bbox 1043 3270 1180 3342; x_wconf 71' lang='lat' dir='ltr'><strong>citraque.</strong></span> <span class='ocrx_word' id='word_1_183' title='bbox 1207 3273 1239 3318; x_wconf 84' lang='lat' dir='ltr'><strong>ut</strong></span> <span class='ocrx_word' id='word_1_184' title='bbox 1266 3265 1317 3318; x_wconf 81' lang='lat' dir='ltr'><strong>Ori</strong></span> 
     </span>
     <span class='ocr_line' id='line_1_28' title="bbox 261 3339 1317 3410; baseline -0.006 -16"><span class='ocrx_word' id='word_1_185' title='bbox 261 3341 328 3394; x_wconf 77' lang='lat' dir='ltr'><strong>Met</strong></span> <span class='ocrx_word' id='word_1_186' title='bbox 349 3340 381 3391; x_wconf 82' lang='lat' dir='ltr'><strong>V.</strong></span> <span class='ocrx_word' id='word_1_187' title='bbox 405 3343 461 3394; x_wconf 75' lang='lat'><strong>186.</strong></span> <span class='ocrx_word' id='word_1_188' title='bbox 480 3357 531 3392; x_wconf 79' lang='lat' dir='ltr'><strong>nec</strong></span> <span class='ocrx_word' id='word_1_189' title='bbox 550 3341 622 3393; x_wconf 78' lang='lat' dir='ltr'><strong>citro</strong></span> <span class='ocrx_word' id='word_1_190' title='bbox 638 3355 713 3395; x_wconf 83' lang='lat' dir='ltr'><strong>moto</strong></span> <span class='ocrx_word' id='word_1_191' title='bbox 731 3361 782 3396; x_wconf 84' lang='lat' dir='ltr'><strong>nec</strong></span> <span class='ocrx_word' id='word_1_192' title='bbox 801 3343 888 3398; x_wconf 68' lang='lat' dir='ltr'><strong>ultim</strong></span> <span class='ocrx_word' id='word_1_193' title='bbox 923 3343 1017 3399; x_wconf 82' lang='lat' dir='ltr'><strong>Horat.</strong></span> <span class='ocrx_word' id='word_1_194' title='bbox 1035 3341 1119 3392; x_wconf 77' lang='lat' dir='ltr'><strong>Serra.</strong></span> <span class='ocrx_word' id='word_1_195' title='bbox 1139 3339 1157 3388; x_wconf 92' lang='lat'><strong>1.</strong></span> <span class='ocrx_word' id='word_1_196' title='bbox 1173 3357 1192 3392; x_wconf 78' lang='lat' dir='ltr'><strong>t.</strong></span> <span class='ocrx_word' id='word_1_197' title='bbox 1209 3355 1264 3406; x_wconf 84' lang='lat'><strong>¹⁰7·</strong></span> <span class='ocrx_word' id='word_1_198' title='bbox 1279 3356 1317 3410; x_wconf 58' lang='lat' dir='ltr'><strong>qut</strong></span> 
     </span>
     <span class='ocr_line' id='line_1_29' title="bbox 263 3409 1317 3481; baseline -0.005 -16"><span class='ocrx_word' id='word_1_199' title='bbox 263 3413 340 3466; x_wconf 73' lang='lat' dir='ltr'><strong>ultra</strong></span> <span class='ocrx_word' id='word_1_200' title='bbox 365 3410 437 3463; x_wconf 81' lang='lat' dir='ltr'><strong>citra</strong></span> <span class='ocrx_word' id='word_1_201' title='bbox 479 3427 491 3463; x_wconf 83' lang='grc' dir='ltr'>ι</span> <span class='ocrx_word' id='word_1_202' title='bbox 517 3413 614 3481; x_wconf 76' lang='lat' dir='ltr'><strong>nequit</strong></span> <span class='ocrx_word' id='word_1_203' title='bbox 638 3415 787 3466; x_wconf 72' lang='lat' dir='ltr'><strong>contium</strong></span> <span class='ocrx_word' id='word_1_204' title='bbox 812 3427 924 3466; x_wconf 78' lang='lat' dir='ltr'><strong>rectura.</strong></span> <span class='ocrx_word' id='word_1_205' title='bbox 947 3440 982 3454; x_wconf 90' lang='lat'><em>-</em></span> <span class='ocrx_word' id='word_1_206' title='bbox 1003 3411 1120 3467; x_wconf 57' lang='lat' dir='ltr'><strong>tetras,</strong></span> <span class='ocrx_word' id='word_1_207' title='bbox 1140 3409 1284 3466; x_wconf 72' lang='grc' dir='ltr'><strong>(ὶι11ιεο.</strong></span> <span class='ocrx_word' id='word_1_208' title='bbox 1305 3409 1317 3455; x_wconf 90' lang='grc'><strong>1</strong></span> 
     </span>
     <span class='ocr_line' id='line_1_30' title="bbox 264 3479 1135 3544; baseline -0.005 -10"><span class='ocrx_word' id='word_1_209' title='bbox 264 3483 344 3539; x_wconf 70' lang='lat' dir='ltr'><strong>bero.</strong></span> <span class='ocrx_word' id='word_1_210' title='bbox 366 3489 395 3531; x_wconf 83' lang='lat' dir='ltr'><strong>et</strong></span> <span class='ocrx_word' id='word_1_211' title='bbox 416 3481 434 3530; x_wconf 85' lang='lat' dir='ltr'>E</span> <span class='ocrx_word' id='word_1_212' title='bbox 456 3521 464 3536; x_wconf 87' lang='lat'><strong>.</strong></span> <span class='ocrx_word' id='word_1_213' title='bbox 483 3480 566 3531; x_wconf 83' lang='lat' dir='ltr'><strong>Priac.</strong></span> <span class='ocrx_word' id='word_1_214' title='bbox 589 3480 733 3538; x_wconf 74' lang='lat' dir='ltr'><strong>adversum</strong></span> <span class='ocrx_word' id='word_1_215' title='bbox 752 3485 906 3544; x_wconf 78' lang='lat' dir='ltr'><strong>Graeciam,</strong></span> <span class='ocrx_word' id='word_1_216' title='bbox 924 3499 980 3534; x_wconf 90' lang='lat' dir='ltr'><strong>non</strong></span> <span class='ocrx_word' id='word_1_217' title='bbox 998 3479 1135 3534; x_wconf 67' lang='lat' dir='ltr'><strong>adversus.</strong></span> 
     </span>
     <span class='ocr_line' id='line_1_31' title="bbox 335 3547 1317 3624; baseline -0.006 -22"><span class='ocrx_word' id='word_1_218' title='bbox 335 3551 367 3602; x_wconf 82' lang='grc' dir='ltr'><strong>ιἰι</strong></span> <span class='ocrx_word' id='word_1_219' title='bbox 385 3567 551 3604; x_wconf 76' lang='lat' dir='ltr'><strong>communem</strong></span> <span class='ocrx_word' id='word_1_220' title='bbox 568 3555 731 3624; x_wconf 78' lang='lat' dir='ltr'><strong>pcmt&#39;eiem)</strong></span> <span class='ocrx_word' id='word_1_221' title='bbox 770 3557 829 3624; x_wconf 78' lang='lat' dir='ltr'><strong>Arg.</strong></span> <span class='ocrx_word' id='word_1_222' title='bbox 848 3555 879 3606; x_wconf 86' lang='grc' dir='ltr'><strong>ιἰι</strong></span> <span class='ocrx_word' id='word_1_223' title='bbox 897 3569 1044 3606; x_wconf 77' lang='lat' dir='ltr'><strong>commune.</strong></span> <span class='ocrx_word' id='word_1_224' title='bbox 1083 3553 1202 3618; x_wconf 80' lang='lat' dir='ltr'><strong>Apparet</strong></span> <span class='ocrx_word' id='word_1_225' title='bbox 1218 3547 1317 3613; x_wconf 77' lang='lat' dir='ltr'><strong>scripto</strong></span> 
     </span>
     <span class='ocr_line' id='line_1_32' title="bbox 266 3619 1308 3693; baseline -0.01 -17"><span class='ocrx_word' id='word_1_226' title='bbox 266 3622 352 3676; x_wconf 69' lang='lat' dir='ltr'><strong>tutuo</strong></span> <span class='ocrx_word' id='word_1_227' title='bbox 374 3638 512 3674; x_wconf 81' lang='lat' dir='ltr'><strong>commuue</strong></span> <span class='ocrx_word' id='word_1_228' title='bbox 530 3625 561 3674; x_wconf 82' lang='lat' dir='ltr'><strong>itt</strong></span> <span class='ocrx_word' id='word_1_229' title='bbox 576 3623 737 3693; x_wconf 75' lang='lat' dir='ltr'><strong>perniciem.</strong></span> <span class='ocrx_word' id='word_1_230' title='bbox 756 3626 888 3677; x_wconf 75' lang='lat' dir='ltr'><strong>Ornatur.</strong></span> <span class='ocrx_word' id='word_1_231' title='bbox 925 3623 951 3676; x_wconf 82' lang='lat' dir='ltr'><strong>S.</strong></span> <span class='ocrx_word' id='word_1_232' title='bbox 970 3623 1042 3680; x_wconf 84' lang='lat' dir='ltr'><strong>Gall,</strong></span> <span class='ocrx_word' id='word_1_233' title='bbox 1054 3637 1118 3690; x_wconf 87' lang='lat' dir='ltr'><strong>opp.</strong></span> <span class='ocrx_word' id='word_1_234' title='bbox 1136 3619 1308 3690; x_wconf 76' lang='lat' dir='ltr'><strong>pravitatem</strong></span> 
     </span>
     <span class='ocr_line' id='line_1_33' title="bbox 267 3689 1317 3763; baseline -0.008 -15"><span class='ocrx_word' id='word_1_235' title='bbox 267 3709 406 3748; x_wconf 75' lang='lat' dir='ltr'><strong>commune</strong></span> <span class='ocrx_word' id='word_1_236' title='bbox 422 3709 500 3762; x_wconf 73' lang='lat' dir='ltr'><strong>pern.</strong></span> <span class='ocrx_word' id='word_1_237' title='bbox 534 3693 553 3745; x_wconf 88' lang='lat' dir='ltr'><strong>i.</strong></span> <span class='ocrx_word' id='word_1_238' title='bbox 572 3709 594 3746; x_wconf 84' lang='lat' dir='ltr'><strong>e.</strong></span> <span class='ocrx_word' id='word_1_239' title='bbox 617 3696 807 3763; x_wconf 69' lang='lat' dir='ltr'><strong>pravitatem</strong></span> <span class='ocrx_word' id='word_1_240' title='bbox 831 3710 995 3748; x_wconf 71' lang='lat' dir='ltr'><strong>communem</strong></span> <span class='ocrx_word' id='word_1_241' title='bbox 1013 3709 1094 3761; x_wconf 61' lang='lat' dir='ltr'><strong>pern,</strong></span> <span class='ocrx_word' id='word_1_242' title='bbox 1117 3697 1148 3740; x_wconf 88' lang='lat' dir='ltr'><strong>nt</strong></span> <span class='ocrx_word' id='word_1_243' title='bbox 1172 3695 1213 3738; x_wconf 81' lang='lat' dir='ltr'><strong>est</strong></span> <span class='ocrx_word' id='word_1_244' title='bbox 1239 3689 1267 3736; x_wconf 82' lang='lat' dir='ltr'><strong>in</strong></span> <span class='ocrx_word' id='word_1_245' title='bbox 1293 3703 1317 3740; x_wconf 85' lang='lat' dir='ltr'><strong>ct</strong></span> 
     </span>
     <span class='ocr_line' id='line_1_34' title="bbox 267 3753 1314 3835; baseline -0.005 -20"><span class='ocrx_word' id='word_1_246' title='bbox 267 3761 356 3817; x_wconf 77' lang='lat' dir='ltr'><strong>tttrtt.</strong></span> <span class='ocrx_word' id='word_1_247' title='bbox 395 3763 534 3813; x_wconf 60' lang='lat' dir='ltr'><strong>caeterea</strong></span> <span class='ocrx_word' id='word_1_248' title='bbox 553 3763 629 3815; x_wconf 76' lang='lat' dir='ltr'><strong>bern.</strong></span> <span class='ocrx_word' id='word_1_249' title='bbox 682 3767 875 3835; x_wconf 80' lang='lat' dir='ltr'><strong>aecipitaturi,</strong></span> <span class='ocrx_word' id='word_1_250' title='bbox 897 3765 969 3816; x_wconf 81' lang='lat' dir='ltr'><strong>male</strong></span> <span class='ocrx_word' id='word_1_251' title='bbox 986 3763 1107 3814; x_wconf 79' lang='lat' dir='ltr'><strong>cousua&#39;te</strong></span> <span class='ocrx_word' id='word_1_252' title='bbox 1126 3761 1213 3812; x_wconf 82' lang='lat' dir='ltr'><strong>literis</strong></span> <span class='ocrx_word' id='word_1_253' title='bbox 1232 3753 1314 3810; x_wconf 73' lang='lat' dir='ltr'><strong>tt&#39;tr&#39;ri.</strong></span> 
     </span>
     <span class='ocr_line' id='line_1_35' title="bbox 340 3829 1317 3899; baseline -0.003 -14"><span class='ocrx_word' id='word_1_254' title='bbox 340 3830 438 3885; x_wconf 73' lang='lat' dir='ltr'><strong>ordine</strong></span> <span class='ocrx_word' id='word_1_255' title='bbox 455 3833 547 3899; x_wconf 82' lang='lat' dir='ltr'><strong>electi)</strong></span> <span class='ocrx_word' id='word_1_256' title='bbox 578 3835 621 3885; x_wconf 85' lang='lat' dir='ltr'><strong>lta</strong></span> <span class='ocrx_word' id='word_1_257' title='bbox 657 3836 709 3888; x_wconf 84' lang='lat' dir='ltr'><strong>ibri</strong></span> <span class='ocrx_word' id='word_1_258' title='bbox 728 3836 782 3887; x_wconf 85' lang='lat' dir='ltr'><strong>mei</strong></span> <span class='ocrx_word' id='word_1_259' title='bbox 802 3842 830 3885; x_wconf 87' lang='lat' dir='ltr'><strong>et</strong></span> <span class='ocrx_word' id='word_1_260' title='bbox 849 3835 947 3896; x_wconf 77' lang='lat' dir='ltr'><strong>Mero,</strong></span> <span class='ocrx_word' id='word_1_261' title='bbox 966 3851 1022 3886; x_wconf 83' lang='lat' dir='ltr'><strong>non</strong></span> <span class='ocrx_word' id='word_1_262' title='bbox 1041 3833 1114 3886; x_wconf 83' lang='lat' dir='ltr'><strong>tecti.</strong></span> <span class='ocrx_word' id='word_1_263' title='bbox 1151 3829 1213 3898; x_wconf 72' lang='lat' dir='ltr'><strong>cap.</strong></span> <span class='ocrx_word' id='word_1_264' title='bbox 1236 3847 1268 3882; x_wconf 78' lang='lat' dir='ltr'><strong>ao</strong></span> <span class='ocrx_word' id='word_1_265' title='bbox 1302 3847 1317 3880; x_wconf 84' lang='lat' dir='ltr'><strong>o</strong></span> 
     </span>
     <span class='ocr_line' id='line_1_36' title="bbox 271 3899 1317 3972; baseline -0.004 -16"><span class='ocrx_word' id='word_1_266' title='bbox 271 3917 330 3956; x_wconf 77' lang='lat' dir='ltr'><strong>ctos</strong></span> <span class='ocrx_word' id='word_1_267' title='bbox 356 3921 390 3956; x_wconf 77' lang='lat' dir='ltr'><strong>ac</strong></span> <span class='ocrx_word' id='word_1_268' title='bbox 418 3908 512 3972; x_wconf 73' lang='lat' dir='ltr'><strong>magni</strong></span> <span class='ocrx_word' id='word_1_269' title='bbox 530 3905 652 3958; x_wconf 73' lang='lat' dir='ltr'><strong>nominis</strong></span> <span class='ocrx_word' id='word_1_270' title='bbox 671 3909 756 3958; x_wconf 70' lang='grc' dir='ltr'><strong>υιϊιιιΔ</strong></span> <span class='ocrx_word' id='word_1_271' title='bbox 783 3908 823 3958; x_wconf 70' lang='lat'><strong>23.</strong></span> <span class='ocrx_word' id='word_1_272' title='bbox 844 3905 927 3958; x_wconf 79' lang='lat' dir='ltr'><strong>electi</strong></span> <span class='ocrx_word' id='word_1_273' title='bbox 944 3903 1010 3960; x_wconf 72' lang='lat' dir='ltr'><strong>duo.</strong></span> <span class='ocrx_word' id='word_1_274' title='bbox 1028 3933 1065 3946; x_wconf 91' lang='lat'>-</span> <span class='ocrx_word' id='word_1_275' title='bbox 1082 3899 1156 3954; x_wconf 78' lang='lat' dir='ltr'><strong>lnlra</strong></span> <span class='ocrx_word' id='word_1_276' title='bbox 1173 3915 1223 3970; x_wconf 87' lang='lat' dir='ltr'><strong>pro</strong></span> <span class='ocrx_word' id='word_1_277' title='bbox 1241 3911 1317 3952; x_wconf 79' lang='lat' dir='ltr'><strong>orttet</strong></span> 
     </span>
     <span class='ocr_line' id='line_1_37' title="bbox 269 3972 864 4044; baseline 0.015 -24"><span class='ocrx_word' id='word_1_278' title='bbox 269 3985 369 4044; x_wconf 66' lang='grc' dir='ltr'>μηιιι</span> <span class='ocrx_word' id='word_1_279' title='bbox 387 3972 511 4026; x_wconf 77' lang='lat' dir='ltr'><strong>Bartlttut</strong></span> <span class='ocrx_word' id='word_1_280' title='bbox 533 3974 646 4024; x_wconf 77' lang='lat' dir='ltr'><strong>exbibet</strong></span> <span class='ocrx_word' id='word_1_281' title='bbox 663 3976 864 4038; x_wconf 68' lang='lat' dir='ltr'><strong>ammitterent.</strong></span> 
     </span>
     <span class='ocr_line' id='line_1_38' title="bbox 310 4039 1317 4116; baseline -0.005 -23"><span class='ocrx_word' id='word_1_282' title='bbox 310 4044 351 4096; x_wconf 85' lang='grc' dir='ltr'><strong>ΙΧ.</strong></span> <span class='ocrx_word' id='word_1_283' title='bbox 389 4045 460 4094; x_wconf 74' lang='lat' dir='ltr'><strong>mm</strong></span> <span class='ocrx_word' id='word_1_284' title='bbox 480 4075 508 4086; x_wconf 93' lang='lat'>-</span> <span class='ocrx_word' id='word_1_285' title='bbox 529 4049 675 4116; x_wconf 74' lang='lat' dir='ltr'><strong>gerarum)</strong></span> <span class='ocrx_word' id='word_1_286' title='bbox 711 4045 761 4100; x_wconf 76' lang='lat' dir='ltr'><strong>tt.</strong></span> <span class='ocrx_word' id='word_1_287' title='bbox 790 4046 860 4098; x_wconf 87' lang='lat' dir='ltr'><strong>Crat.</strong></span> <span class='ocrx_word' id='word_1_288' title='bbox 881 4048 976 4113; x_wconf 73' lang='lat' dir='ltr'><strong>Quum</strong></span> <span class='ocrx_word' id='word_1_289' title='bbox 1012 4045 1097 4096; x_wconf 86' lang='lat' dir='ltr'><strong>Princ.</strong></span> <span class='ocrx_word' id='word_1_290' title='bbox 1116 4053 1248 4112; x_wconf 73' lang='lat' dir='ltr'><strong>aguntur.</strong></span> <span class='ocrx_word' id='word_1_291' title='bbox 1288 4039 1317 4089; x_wconf 89' lang='lat' dir='ltr'><strong>ln</strong></span> 
     </span>
     <span class='ocr_line' id='line_1_39' title="bbox 207 4111 1307 4190; baseline 0.006 -26"><span class='ocrx_word' id='word_1_292' title='bbox 207 4164 211 4178; x_wconf 36' lang='lat'><strong>⁴</strong></span> <span class='ocrx_word' id='word_1_293' title='bbox 273 4112 340 4165; x_wconf 81' lang='lat' dir='ltr'><strong>libri</strong></span> <span class='ocrx_word' id='word_1_294' title='bbox 366 4117 418 4165; x_wconf 77' lang='lat' dir='ltr'><strong>nri</strong></span> <span class='ocrx_word' id='word_1_295' title='bbox 448 4115 544 4188; x_wconf 66' lang='lat' dir='ltr'><strong>hisque</strong></span> <span class='ocrx_word' id='word_1_296' title='bbox 571 4115 669 4169; x_wconf 71' lang='lat' dir='ltr'><strong>eonstt.</strong></span> <span class='ocrx_word' id='word_1_297' title='bbox 695 4122 805 4189; x_wconf 80' lang='lat' dir='ltr'><strong>praeter</strong></span> <span class='ocrx_word' id='word_1_298' title='bbox 823 4119 900 4171; x_wconf 79' lang='lat' dir='ltr'><strong>bern.</strong></span> <span class='ocrx_word' id='word_1_299' title='bbox 920 4115 968 4190; x_wconf 81' lang='lat' dir='ltr'><strong>qui</strong></span> <span class='ocrx_word' id='word_1_300' title='bbox 988 4117 1078 4188; x_wconf 76' lang='lat' dir='ltr'><strong>tsque.</strong></span> <span class='ocrx_word' id='word_1_301' title='bbox 1104 4113 1185 4184; x_wconf 75' lang='lat' dir='ltr'><strong>Vulg.</strong></span> <span class='ocrx_word' id='word_1_302' title='bbox 1202 4111 1307 4182; x_wconf 75' lang='lat' dir='ltr'><strong>eisque.</strong></span> 
     </span>
     <span class='ocr_line' id='line_1_40' title="bbox 273 4182 619 4260; baseline 0.006 -22"><span class='ocrx_word' id='word_1_303' title='bbox 273 4182 345 4238; x_wconf 78' lang='lat' dir='ltr'><strong>Crat.</strong></span> <span class='ocrx_word' id='word_1_304' title='bbox 363 4183 401 4239; x_wconf 77' lang='lat' dir='ltr'><strong>etl</strong></span> <span class='ocrx_word' id='word_1_305' title='bbox 417 4190 540 4260; x_wconf 76' lang='lat' dir='ltr'><strong>gretiam</strong></span> <span class='ocrx_word' id='word_1_306' title='bbox 557 4183 619 4241; x_wconf 69' lang='lat' dir='ltr'><strong>reat.</strong></span> 
     </span>
    </p>
   </div>
   <div class='ocr_carea' id='block_1_5' title="bbox 0 0 1372 4686">
    <p class='ocr_par' dir='ltr' id='par_1_6' title="bbox 0 0 1372 4686">
     <span class='ocr_line' id='line_1_41' title="bbox 0 0 1372 4686; baseline 0 0"><span class='ocrx_word' id='word_1_307' title='bbox 0 0 1372 4686; x_wconf 95' lang='lat' dir='ltr'><strong> </strong></span> 
     </span>
    </p>
   </div>
  </div>
 </body>
</html>
