2726 4686
259 323 306 392 38
646 341 762 390 oreris
787 339 963 390 nummus
995 401 998 406 ,

259 530 476 606 societatem
501 527 662 604 militiae
686 547 835 604 nostrae
859 527 1059 604 adversum
1082 530 1267 605 Troianos
1288 557 1302 603 s

257 663 462 748 queretur:
495 646 643 750 quippe
678 671 796 748 quem
828 647 907 720 iam
931 647 1106 723 Priamus
1130 645 1241 722 donis
1265 673 1302 720 an

176 851 180 860 ¹
258 762 464 866 pilaribus,
500 763 632 865 eisque
663 781 791 869 postea
824 761 1045 868 duplicatis,
1082 762 1302 840 fidelissima

258 877 331 952 sibi
366 876 587 955 retinuerat.
645 880 834 956 Omnium
856 897 986 956 autem
1010 877 1186 956 classium
1210 907 1301 955 num

260 1017 340 1083 rus,
367 1019 482 1096 quem
506 1019 552 1069 ex
576 993 730 1072 diversis
753 997 935 1074 Graeciae
959 996 1084 1100 regnis
1105 1015 1301 1073 contractu

259 1133 376 1214 supra
400 1110 661 1216 exposuimus,
690 1131 772 1190 toto
796 1113 1070 1217 quinquennio
1096 1131 1303 1219 praeparati

260 1225 545 1329 instructusque
567 1246 635 1304 est.
654 1287 659 1298 .
684 1233 744 1305 Ita
761 1257 885 1332 quum
907 1229 1016 1304 nulla
1043 1230 1119 1304 iam
1146 1255 1204 1306 res
1221 1227 1303 1332 prol

261 1341 424 1432 tionem,
444 1367 449 1376 ·
466 1343 538 1418 nisi
572 1345 742 1421 absentia
775 1345 909 1422 militis
942 1345 1170 1437 retardaret,
1213 1373 1303 1422 cunc

261 1457 393 1550 duces,
430 1460 549 1564 veluti
575 1461 682 1564 signo
708 1461 814 1553 dato,
848 1490 927 1539 una
952 1481 1068 1567 atque
1093 1463 1226 1539 eodem
1253 1481 1303 1538 ter

260 1597 353 1678 pore
377 1575 559 1652 Aulidam
585 1576 801 1654 confluunt

357 1689 462 1764 XIX.
513 1692 676 1770 Interim
695 1692 739 1768 in
770 1695 851 1799 ipsa
876 1691 1080 1796 navigandi
1100 1692 1303 1770 festinatior

260 1805 542 1904 Agamemnon,
566 1835 682 1910 quem
708 1837 731 1883 a
756 1811 907 1886 cunctis
932 1837 1058 1912 regem
1081 1813 1256 1887 omnium
1281 1810 1303 1884 d

261 1921 449 1995 claretum
473 1949 589 2026 supra
613 1922 823 2016 docuimus,
850 1927 1000 2028 longius
1025 1929 1141 2030 paulo
1165 1927 1213 2001 ab
1239 1953 1303 2000 ere

261 2033 343 2110 citu
368 2062 599 2142 progressus,
638 2040 737 2118 forte
761 2035 948 2147 conspicit
972 2043 1072 2117 circa
1097 2043 1229 2116 lucum
1252 2043 1301 2116 Di

262 2177 335 2228 nae
358 2173 574 2259 pascentem
598 2183 785 2264 capream,
811 2157 1110 2264 inprudensque
1132 2159 1303 2260 religioni

263 2372 561 2392 n-—nn-——n—uo

219 2555 224 2572 ,
262 2507 385 2579 legerant
403 2509 473 2564 inira
495 2513 545 2565 lib.
564 2513 741 2570 turhatam
759 2515 910 2574 Sidonium.
929 2515 1072 2568 Librorum
1091 2531 1161 2566 unni
1170 2513 1280 2585 frigio,

262 2586 305 2632 ter
312 2579 414 2654 frigia
439 2592 469 2636 ut
486 2585 611 2638 videntur
628 2587 701 2654 Phry
721 2589 753 2639 ir.
774 2589 931 2641 Maternus.
963 2587 1030 2641 Cod.
1048 2589 1109 2654 Arg.
1122 2586 1245 2656 strygis.
1261 2585 1304 2636 titi

262 2667 335 2702 rema
353 2651 382 2703 id
407 2663 493 2720 puto:
521 2654 570 2706 ted
587 2657 692 2726 quoda
732 2673 820 2708 veram
839 2659 985 2709 lectionem
1002 2659 1074 2711 virm
1094 2663 1233 2708 monstrnt.
1271 2653 1304 2706 Sc

261 2729 340 2791 ptum
356 2723 462 2777 scilicet
482 2723 575 2778 'luerat
593 2725 701 2780 Belidis
721 2727 900 2782 Sidoniorum
917 2730 1004 2798 regim
1022 2737 1051 2780 et
1068 2729 1125 2779 rive
1142 2729 1215 2778 inter
1233 2725 1304 2776 linea

261 2792 319 2843 rire
337 2793 366 2844 in
387 2797 505 2864 margine
522 2804 681 2848 annotatum
700 2799 775 2852 Baiis
794 2817 842 2852 rex
859 2797 1014 2869 Phrygiae:
1033 2797 1215 2880 quoacholic,
1234 2793 1304 2846 Grac

262 2871 336 2914 certe
355 2865 553 2936 glossographis
571 2883 627 2918 non
645 2868 794 2936 incognito,
815 2869 937 2920 Bulidenr
956 2868 1068 2938 Phrygia
1086 2867 1177 2936 lingua
1193 2881 1304 2933 regenti

262 2937 321 2983 tare
349 2933 561 3002 significabatur.
605 2937 739 2988 Nimirum
766 2939 889 2990 indidem
915 2939 1020 3009 possae
1038 2947 1147 2997 auctor.
1166 2935 1237 2988 unde
1258 2937 1304 2988 llei

263 2999 341 3052 chius
359 3007 457 3057 sumsit
475 3005 584 3069 Bolia·
618 3004 751 3072 partieris
766 3011 912 3078 Φρυγιστί.
932 3015 959 3060 et
977 3027 1003 3079 q.
1021 3025 1082 3078 req,
1107 3007 1266 3059 Orrrcnrns

260 3071 392 3124 creutzer
419 3075 531 3141 symbol
566 3077 623 3126 and
650 3077 764 3143 Myrtoi.
795 3079 857 3131 Thi.
882 3081 1010 3149 ll.p·87.
1041 3079 1070 3136 S.
1088 3079 1160 3132 Gall.
1187 3093 1239 3128 sec
1257 3077 1304 3128 IX.

261 3139 310 3192 Ed.
331 3141 408 3192 Princ
426 3144 524 3214 frigii.
549 3145 575 3196 S.
592 3145 662 3198 Gall.
686 3165 747 3215 opp.
758 3147 858 3218 stigio.
875 3149 1066 3220 Bernsir'gic.

331 3212 413 3264 trilici
427 3215 532 3286 quirit,
556 3216 600 3266 uti
623 3217 782 3270 societatem
806 3220 875 3290 mii.)
910 3221 951 3270 lta
970 3219 1083 3286 scripsi,
1102 3235 1162 3272 cum
1180 3216 1304 3269 invenisr

263 3281 292 3332 in
311 3289 427 3354 utroquo
452 3283 506 3334 MS.
527 3285 559 3336 in
576 3285 664 3340 lectus
680 3291 730 3358 qui
749 3289 862 3340 virtutis
885 3291 1051 3343 societatem.
1071 3289 1220 3340 Mercrius.
1259 3289 1304 3338 Ati

262 3353 301 3402 ita
320 3349 369 3403 tid.
388 3351 453 3404 Obr.
472 3361 501 3408 et
519 3355 591 3406 Cori.
610 3355 645 3406 ad
665 3357 730 3408 Sall.
750 3359 805 3427 lup.
819 3365 859 3426 49.
877 3377 907 3419 ι.,
919 3362 971 3410 uisi
992 3359 1066 3428 quod
1082 3371 1113 3410 ut
1127 3357 1257 3410 exhibeat
1272 3367 1304 3406 ut

262 3437 327 3490 que.
359 3423 476 3476 ssentt.
496 3441 546 3476 ree.
571 3425 614 3476 tx,
641 3434 668 3476 et
686 3429 762 3478 Rern.
782 3430 899 3482 inlectus
919 3433 968 3501 qui
989 3431 1098 3482 virtutis
1117 3432 1283 3484 societatem.

262 3492 335 3544 Gall.
354 3511 416 3562 opp.
439 3497 547 3550 illectus
564 3497 614 3568 qui
632 3497 742 3550 virtutis
759 3501 925 3551 societatem.
962 3499 1009 3551 Ed.
1032 3501 1115 3550 Princ.
1134 3501 1242 3554 illectus
1261 3511 1304 3548 est

259 3562 382 3614 virtuter
400 3567 554 3618 rocr‘crarer.
590 3567 663 3619 Crat.
682 3569 763 3622 attici
778 3571 871 3641 potuit
888 3582 919 3623 ut
935 3571 1227 3626 virtutiucrietatcm.
1255 3569 1304 3620 Da·

261 3633 345 3687 allici
360 3638 451 3704 poturit
469 3649 500 3687 ut
517 3639 675 3689 societatum
693 3640 750 3691 mii.

333 3703 414 3758 donis
433 3707 623 3780 amplioribus)
660 3706 813 3779 Utrumque
831 3708 944 3760 verbum
962 3709 1042 3764 abest
1058 3727 1073 3763 n
1093 3713 1172 3764 Bern.
1189 3716 1218 3762 ot
1231 3711 1259 3763 S·
1278 3705 1303 3758 G

262 3789 298 3842 op
320 3811 325 3823 .

298 3789 427 3918 Priapus
443 3846 526 3916 post.)
562 3847 602 3897 lta
621 3848 686 3899 libri
705 3849 769 3911 urei,
787 3865 841 3902 non
860 3851 958 3920 iisque.

332 3931 392 3968 una
410 3928 494 3984 atque
513 3915 617 3990 ecclam)
654 3920 695 3972 lta
722 3928 796 3973 recte
827 3919 853 3970 S.
883 3919 955 3970 Gall.
977 3937 1030 3973 icc.
1049 3920 1094 3973 lx.
1121 3933 1183 3970 cunr
1199 3917 1247 3972 nt.
1265 3921 1304 3972 Mi

260 3989 291 4038 el
307 3985 374 4037 Obr.
397 3987 437 4036 tt.
457 4003 522 4039 uno.

331 4055 476 4122 Aulidem)
511 4056 675 4126 Vindiupius
693 4059 792 4111 mcliur
811 4067 891 4129 putat
908 4057 1026 4120 Aulida.
1051 4071 1083 4114 ut
1099 4065 1140 4112 est
1157 4061 1186 4110 in
1199 4057 1247 4112 Et.
1266 4059 1304 4109 Pr}

265 4129 294 4173 et
323 4127 389 4177 Obr.
428 4127 482 4178 Sed
508 4137 707 4195 repraesentata
735 4131 816 4180 lectio
844 4133 944 4184 nititur
965 4131 1039 4187 MSS.
1062 4129 1304 4196 ncorum‚Etl.C

244 4197 293 4254 ‚et
315 4193 396 4250 illare-
419 4207 591 4252 artetorrtete.
610 4201 652 4252 Cl·
668 4201 705 4252 ad
725 4219 747 4252 c.
771 4219 809 4269 ¹7·
