<?xml version="1.0" encoding="UTF-8"?>
<!DOCTYPE html PUBLIC "-//W3C//DTD XHTML 1.0 Transitional//EN"
    "http://www.w3.org/TR/xhtml1/DTD/xhtml1-transitional.dtd">
<html xmlns="http://www.w3.org/1999/xhtml" xml:lang="en" lang="en">
 <head>
  <title>
</title>
<meta http-equiv="Content-Type" content="text/html;charset=utf-8" />
  <meta name='ocr-system' content='tesseract 3.04.00' />
  <meta name='ocr-capabilities' content='ocr_page ocr_carea ocr_par ocr_line ocrx_word'/>
</head>
<body>
  <div class='ocr_page' id='page_1' title='image "./dictyscretensis00dictgoog/dictyscretensis00dictgoog_0669.png"; bbox 0 0 2762 4684; ppageno 0'>
   <div class='ocr_carea' id='block_1_1' title="bbox 175 293 897 358">
    <p class='ocr_par' dir='ltr' id='par_1_1' title="bbox 175 293 897 358">
     <span class='ocr_line' id='line_1_1' title="bbox 175 293 897 358; baseline 0.011 -10"><span class='ocrx_word' id='word_1_1' title='bbox 175 294 217 358; x_wconf 73' lang='lat'><strong>10</strong></span> <span class='ocrx_word' id='word_1_2' title='bbox 558 293 723 352; x_wconf 71' lang='lat' dir='ltr'><strong>omues</strong></span> <span class='ocrx_word' id='word_1_3' title='bbox 737 295 897 356; x_wconf 64' lang='lat' dir='ltr'><strong>amaon</strong></span> 
     </span>
    </p>
   </div>
   <div class='ocr_carea' id='block_1_2' title="bbox 101 473 1280 1066">
    <p class='ocr_par' dir='ltr' id='par_1_2' title="bbox 101 473 1280 1066">
     <span class='ocr_line' id='line_1_2' title="bbox 175 473 1280 560; baseline 0.007 -18"><span class='ocrx_word' id='word_1_4' title='bbox 175 477 311 542; x_wconf 86' lang='lat' dir='ltr'><strong>insulam</strong></span> <span class='ocrx_word' id='word_1_5' title='bbox 327 473 515 560; x_wconf 75' lang='lat' dir='ltr'>cytheream</span> <span class='ocrx_word' id='word_1_6' title='bbox 533 476 634 542; x_wconf 84' lang='lat' dir='ltr'><strong>venit.</strong></span> <span class='ocrx_word' id='word_1_7' title='bbox 683 476 748 544; x_wconf 89' lang='lat' dir='ltr'><strong>Ubi</strong></span> <span class='ocrx_word' id='word_1_8' title='bbox 764 475 807 542; x_wconf 88' lang='lat' dir='ltr'><strong>ad</strong></span> <span class='ocrx_word' id='word_1_9' title='bbox 821 481 928 546; x_wconf 83' lang='lat' dir='ltr'><strong>fanum</strong></span> <span class='ocrx_word' id='word_1_10' title='bbox 943 478 1080 548; x_wconf 84' lang='lat' dir='ltr'><strong>Veneris</strong></span> <span class='ocrx_word' id='word_1_11' title='bbox 1090 479 1212 549; x_wconf 82' lang='lat' dir='ltr'><strong>Dianae</strong></span> <span class='ocrx_word' id='word_1_12' title='bbox 1224 506 1280 550; x_wconf 81' lang='lat' dir='ltr'><strong>aa·</strong></span> 
     </span>
     <span class='ocr_line' id='line_1_3' title="bbox 175 581 1279 670; baseline 0.004 -24"><span class='ocrx_word' id='word_1_13' title='bbox 175 581 340 661; x_wconf 80' lang='lat' dir='ltr'><strong>orifioarit,</strong></span> <span class='ocrx_word' id='word_1_14' title='bbox 365 581 401 644; x_wconf 91' lang='lat' dir='ltr'><strong>hi</strong></span> <span class='ocrx_word' id='word_1_15' title='bbox 421 583 474 666; x_wconf 89' lang='lat' dir='ltr'><strong>qui</strong></span> <span class='ocrx_word' id='word_1_16' title='bbox 487 582 521 644; x_wconf 88' lang='lat' dir='ltr'><strong>in</strong></span> <span class='ocrx_word' id='word_1_17' title='bbox 541 581 644 646; x_wconf 87' lang='lat' dir='ltr'><strong>insula</strong></span> <span class='ocrx_word' id='word_1_18' title='bbox 661 593 766 664; x_wconf 86' lang='lat' dir='ltr'><strong>erant,</strong></span> <span class='ocrx_word' id='word_1_19' title='bbox 788 583 980 649; x_wconf 81' lang='lat' dir='ltr'>mirabantur</span> <span class='ocrx_word' id='word_1_20' title='bbox 998 587 1120 667; x_wconf 80' lang='lat' dir='ltr'><strong>regiam</strong></span> <span class='ocrx_word' id='word_1_21' title='bbox 1139 590 1279 670; x_wconf 64' lang='lat' dir='ltr'><strong>dossum</strong></span> 
     </span>
     <span class='ocr_line' id='line_1_4' title="bbox 175 684 1278 781; baseline 0.007 -31"><span class='ocrx_word' id='word_1_22' title='bbox 175 697 209 750; x_wconf 90' lang='lat' dir='ltr'><strong>et</strong></span> <span class='ocrx_word' id='word_1_23' title='bbox 221 685 451 766; x_wconf 83' lang='lat' dir='ltr'><strong>interrogabant</strong></span> <span class='ocrx_word' id='word_1_24' title='bbox 466 687 506 771; x_wconf 78' lang='lat' dir='ltr'><strong>ab</strong></span> <span class='ocrx_word' id='word_1_25' title='bbox 520 685 599 766; x_wconf 91' lang='lat' dir='ltr'><strong>illis,</strong></span> <span class='ocrx_word' id='word_1_26' title='bbox 627 684 682 770; x_wconf 92' lang='lat' dir='ltr'><strong>qui</strong></span> <span class='ocrx_word' id='word_1_27' title='bbox 699 707 770 750; x_wconf 87' lang='lat' dir='ltr'><strong>cum</strong></span> <span class='ocrx_word' id='word_1_28' title='bbox 785 687 961 781; x_wconf 86' lang='lat' dir='ltr'><strong>Alexandro</strong></span> <span class='ocrx_word' id='word_1_29' title='bbox 975 703 1134 771; x_wconf 76' lang='lat' dir='ltr'><strong>veneram,</strong></span> <span class='ocrx_word' id='word_1_30' title='bbox 1160 693 1214 778; x_wconf 82' lang='lat' dir='ltr'><strong>qui</strong></span> <span class='ocrx_word' id='word_1_31' title='bbox 1227 715 1278 758; x_wconf 80' lang='lat' dir='ltr'><strong>ee-</strong></span> 
     </span>
     <span class='ocr_line' id='line_1_5' title="bbox 174 786 1278 877; baseline 0.004 -20"><span class='ocrx_word' id='word_1_32' title='bbox 174 803 261 871; x_wconf 85' lang='lat' dir='ltr'><strong>sent,</strong></span> <span class='ocrx_word' id='word_1_33' title='bbox 287 788 362 874; x_wconf 88' lang='lat' dir='ltr'><strong>quid</strong></span> <span class='ocrx_word' id='word_1_34' title='bbox 379 791 550 854; x_wconf 72' lang='lat' dir='ltr'><strong>venissent.</strong></span> <span class='ocrx_word' id='word_1_35' title='bbox 600 786 844 877; x_wconf 82' lang='lat' dir='ltr'><strong>Respondemnt</strong></span> <span class='ocrx_word' id='word_1_36' title='bbox 856 793 921 873; x_wconf 93' lang='lat' dir='ltr'><strong>illi,</strong></span> <span class='ocrx_word' id='word_1_37' title='bbox 947 814 967 855; x_wconf 86' lang='lat' dir='ltr'><strong>a</strong></span> <span class='ocrx_word' id='word_1_38' title='bbox 981 791 1106 857; x_wconf 85' lang='lat' dir='ltr'><strong>Priamo</strong></span> <span class='ocrx_word' id='word_1_39' title='bbox 1122 815 1197 877; x_wconf 82' lang='lat' dir='ltr'><strong>rege</strong></span> <span class='ocrx_word' id='word_1_40' title='bbox 1209 795 1278 861; x_wconf 85' lang='lat' dir='ltr'><strong>Ale·</strong></span> 
     </span>
     <span class='ocr_line' id='line_1_6' title="bbox 174 891 1276 980; baseline 0.004 -18"><span class='ocrx_word' id='word_1_41' title='bbox 174 893 329 962; x_wconf 83' lang='lat' dir='ltr'><strong>xandrum</strong></span> <span class='ocrx_word' id='word_1_42' title='bbox 348 895 485 976; x_wconf 78' lang='lat' dir='ltr'><strong>legatum</strong></span> <span class='ocrx_word' id='word_1_43' title='bbox 507 894 643 958; x_wconf 87' lang='lat' dir='ltr'><strong>missum</strong></span> <span class='ocrx_word' id='word_1_44' title='bbox 666 891 709 957; x_wconf 87' lang='lat' dir='ltr'><strong>ad</strong></span> <span class='ocrx_word' id='word_1_45' title='bbox 731 892 894 962; x_wconf 76' lang='lat' dir='ltr'><strong>Castorem</strong></span> <span class='ocrx_word' id='word_1_46' title='bbox 913 907 945 962; x_wconf 90' lang='lat' dir='ltr'><strong>et</strong></span> <span class='ocrx_word' id='word_1_47' title='bbox 965 895 1142 980; x_wconf 81' lang='lat' dir='ltr'>Pollucem,</span> <span class='ocrx_word' id='word_1_48' title='bbox 1168 912 1203 964; x_wconf 85' lang='lat' dir='ltr'><strong>ut</strong></span> <span class='ocrx_word' id='word_1_49' title='bbox 1222 921 1276 966; x_wconf 85' lang='lat' dir='ltr'><strong>eoa</strong></span> 
     </span>
     <span class='ocr_line' id='line_1_7' title="bbox 101 999 363 1066; baseline -0.015 -3"><span class='ocrx_word' id='word_1_50' title='bbox 101 1027 104 1037; x_wconf 95' lang='lat'><em>·</em></span> <span class='ocrx_word' id='word_1_51' title='bbox 173 999 363 1066; x_wconf 79' lang='lat' dir='ltr'><strong>conveniret.</strong></span> 
     </span>
    </p>
   </div>
   <div class='ocr_carea' id='block_1_3' title="bbox 646 1165 812 1236">
    <p class='ocr_par' dir='ltr' id='par_1_3' title="bbox 646 1165 812 1236">
     <span class='ocr_line' id='line_1_8' title="bbox 646 1165 812 1236; baseline 0.012 -2"><span class='ocrx_word' id='word_1_52' title='bbox 646 1165 743 1236; x_wconf 80' lang='lat' dir='ltr'><strong>(iar.</strong></span> <span class='ocrx_word' id='word_1_53' title='bbox 764 1169 812 1236; x_wconf 71' lang='lat' dir='ltr'><strong>X·</strong></span> 
     </span>
    </p>
   </div>
   <div class='ocr_carea' id='block_1_4' title="bbox 155 1301 1274 3571">
    <p class='ocr_par' dir='ltr' id='par_1_4' title="bbox 155 1301 1274 3571">
     <span class='ocr_line' id='line_1_9' title="bbox 273 1301 1273 1392; baseline 0 -20"><span class='ocrx_word' id='word_1_54' title='bbox 273 1308 314 1372; x_wconf 91' lang='lat' dir='ltr'><strong>At</strong></span> <span class='ocrx_word' id='word_1_55' title='bbox 328 1327 405 1374; x_wconf 83' lang='lat' dir='ltr'><strong>vero</strong></span> <span class='ocrx_word' id='word_1_56' title='bbox 417 1304 539 1369; x_wconf 88' lang='lat' dir='ltr'><strong>Helena</strong></span> <span class='ocrx_word' id='word_1_57' title='bbox 553 1301 692 1369; x_wconf 81' lang='lat' dir='ltr'><strong>Menelai</strong></span> <span class='ocrx_word' id='word_1_58' title='bbox 704 1327 803 1388; x_wconf 83' lang='lat' dir='ltr'><strong>uxor,</strong></span> <span class='ocrx_word' id='word_1_59' title='bbox 829 1327 924 1392; x_wconf 90' lang='lat' dir='ltr'><strong>quum</strong></span> <span class='ocrx_word' id='word_1_60' title='bbox 935 1301 1111 1371; x_wconf 79' lang='lat' dir='ltr'><strong>Alexander</strong></span> <span class='ocrx_word' id='word_1_61' title='bbox 1129 1307 1166 1372; x_wconf 91' lang='lat' dir='ltr'><strong>in</strong></span> <span class='ocrx_word' id='word_1_62' title='bbox 1178 1308 1273 1372; x_wconf 80' lang='lat' dir='ltr'><strong>insola</strong></span> 
     </span>
     <span class='ocr_line' id='line_1_10' title="bbox 171 1408 1274 1500; baseline -0.001 -22"><span class='ocrx_word' id='word_1_63' title='bbox 171 1409 328 1496; x_wconf 77' lang='lat' dir='ltr'><strong>Cytherea</strong></span> <span class='ocrx_word' id='word_1_64' title='bbox 342 1422 433 1488; x_wconf 84' lang='lat' dir='ltr'><strong>esset,</strong></span> <span class='ocrx_word' id='word_1_65' title='bbox 454 1409 569 1498; x_wconf 84' lang='lat' dir='ltr'><strong>placuit</strong></span> <span class='ocrx_word' id='word_1_66' title='bbox 582 1410 614 1471; x_wconf 91' lang='lat' dir='ltr'><strong>ei</strong></span> <span class='ocrx_word' id='word_1_67' title='bbox 628 1431 667 1472; x_wconf 90' lang='lat' dir='ltr'><strong>eo</strong></span> <span class='ocrx_word' id='word_1_68' title='bbox 681 1411 739 1476; x_wconf 90' lang='lat' dir='ltr'><strong>ire.</strong></span> <span class='ocrx_word' id='word_1_69' title='bbox 790 1408 863 1490; x_wconf 83' lang='lat' dir='ltr'><strong>Qua</strong></span> <span class='ocrx_word' id='word_1_70' title='bbox 874 1409 915 1474; x_wconf 89' lang='lat' dir='ltr'><strong>de</strong></span> <span class='ocrx_word' id='word_1_71' title='bbox 927 1431 1035 1477; x_wconf 82' lang='lat' dir='ltr'><strong>caussa</strong></span> <span class='ocrx_word' id='word_1_72' title='bbox 1050 1409 1092 1474; x_wconf 89' lang='lat' dir='ltr'><strong>ad</strong></span> <span class='ocrx_word' id='word_1_73' title='bbox 1104 1413 1192 1476; x_wconf 82' lang='lat' dir='ltr'><strong>littus</strong></span> <span class='ocrx_word' id='word_1_74' title='bbox 1203 1435 1274 1500; x_wconf 91' lang='lat' dir='ltr'><strong>pro-</strong></span> 
     </span>
     <span class='ocr_line' id='line_1_11' title="bbox 169 1512 1272 1598; baseline 0.002 -18"><span class='ocrx_word' id='word_1_75' title='bbox 169 1518 281 1596; x_wconf 83' lang='lat' dir='ltr'><strong>oessit,</strong></span> <span class='ocrx_word' id='word_1_76' title='bbox 307 1517 361 1580; x_wconf 92' lang='lat' dir='ltr'><strong>ubi</strong></span> <span class='ocrx_word' id='word_1_77' title='bbox 382 1514 504 1580; x_wconf 88' lang='lat' dir='ltr'><strong>Dianae</strong></span> <span class='ocrx_word' id='word_1_78' title='bbox 529 1523 560 1576; x_wconf 90' lang='lat' dir='ltr'><strong>et</strong></span> <span class='ocrx_word' id='word_1_79' title='bbox 581 1512 734 1598; x_wconf 78' lang='lat' dir='ltr'><strong>Apollinis</strong></span> <span class='ocrx_word' id='word_1_80' title='bbox 759 1517 869 1577; x_wconf 83' lang='lat' dir='ltr'><strong>fanum</strong></span> <span class='ocrx_word' id='word_1_81' title='bbox 889 1526 953 1578; x_wconf 87' lang='lat' dir='ltr'><strong>est:</strong></span> <span class='ocrx_word' id='word_1_82' title='bbox 976 1515 1024 1578; x_wconf 88' lang='lat' dir='ltr'><strong>ibi</strong></span> <span class='ocrx_word' id='word_1_83' title='bbox 1045 1536 1116 1578; x_wconf 74' lang='lat' dir='ltr'><strong>mm</strong></span> <span class='ocrx_word' id='word_1_84' title='bbox 1136 1513 1272 1582; x_wconf 74' lang='lat' dir='ltr'><strong>divinam</strong></span> 
     </span>
     <span class='ocr_line' id='line_1_12' title="bbox 169 1605 1271 1704; baseline -0.001 -20"><span class='ocrx_word' id='word_1_85' title='bbox 169 1620 292 1684; x_wconf 87' lang='lat' dir='ltr'><strong>Helena</strong></span> <span class='ocrx_word' id='word_1_86' title='bbox 324 1623 426 1689; x_wconf 81' lang='lat' dir='ltr'><strong>iacere</strong></span> <span class='ocrx_word' id='word_1_87' title='bbox 450 1605 656 1704; x_wconf 72' lang='lat' dir='ltr'><strong>disposuerat.</strong></span> <span class='ocrx_word' id='word_1_88' title='bbox 707 1614 806 1698; x_wconf 81' lang='lat' dir='ltr'><strong>Quod</strong></span> <span class='ocrx_word' id='word_1_89' title='bbox 826 1619 881 1682; x_wconf 91' lang='lat' dir='ltr'><strong>ubi</strong></span> <span class='ocrx_word' id='word_1_90' title='bbox 898 1616 1072 1684; x_wconf 87' lang='lat' dir='ltr'><strong>Alexandro</strong></span> <span class='ocrx_word' id='word_1_91' title='bbox 1100 1620 1271 1683; x_wconf 84' lang='lat' dir='ltr'><strong>nuntiatam</strong></span> 
     </span>
     <span class='ocr_line' id='line_1_13' title="bbox 171 1715 1272 1804; baseline -0.001 -16"><span class='ocrx_word' id='word_1_92' title='bbox 171 1735 234 1804; x_wconf 85' lang='lat' dir='ltr'><strong>est,</strong></span> <span class='ocrx_word' id='word_1_93' title='bbox 260 1715 417 1786; x_wconf 73' lang='lat' dir='ltr'><strong>Helenam</strong></span> <span class='ocrx_word' id='word_1_94' title='bbox 431 1719 472 1783; x_wconf 90' lang='lat' dir='ltr'><strong>ad</strong></span> <span class='ocrx_word' id='word_1_95' title='bbox 492 1739 580 1782; x_wconf 88' lang='lat' dir='ltr'><strong>mare</strong></span> <span class='ocrx_word' id='word_1_96' title='bbox 602 1719 745 1801; x_wconf 77' lang='lat' dir='ltr'><strong>venisse,</strong></span> <span class='ocrx_word' id='word_1_97' title='bbox 774 1723 914 1786; x_wconf 86' lang='lat' dir='ltr'><strong>conscius</strong></span> <span class='ocrx_word' id='word_1_98' title='bbox 928 1725 1047 1786; x_wconf 82' lang='lat' dir='ltr'><strong>formae</strong></span> <span class='ocrx_word' id='word_1_99' title='bbox 1062 1742 1139 1786; x_wconf 87' lang='lat' dir='ltr'><strong>suae</strong></span> <span class='ocrx_word' id='word_1_100' title='bbox 1153 1725 1188 1785; x_wconf 91' lang='lat' dir='ltr'><strong>in</strong></span> <span class='ocrx_word' id='word_1_101' title='bbox 1201 1745 1272 1787; x_wconf 85' lang='lat' dir='ltr'><strong>oca-</strong></span> 
     </span>
     <span class='ocr_line' id='line_1_14' title="bbox 169 1823 1271 1915; baseline -0.001 -25"><span class='ocrx_word' id='word_1_102' title='bbox 169 1837 276 1915; x_wconf 84' lang='lat' dir='ltr'><strong>apectu</strong></span> <span class='ocrx_word' id='word_1_103' title='bbox 299 1829 367 1890; x_wconf 87' lang='lat' dir='ltr'><strong>eius</strong></span> <span class='ocrx_word' id='word_1_104' title='bbox 389 1825 546 1888; x_wconf 87' lang='lat' dir='ltr'><strong>ambulare</strong></span> <span class='ocrx_word' id='word_1_105' title='bbox 572 1823 691 1910; x_wconf 89' lang='lat' dir='ltr'><strong>coepit,</strong></span> <span class='ocrx_word' id='word_1_106' title='bbox 718 1827 846 1912; x_wconf 83' lang='lat' dir='ltr'><strong>cupiens</strong></span> <span class='ocrx_word' id='word_1_107' title='bbox 869 1847 940 1888; x_wconf 91' lang='lat' dir='ltr'><strong>eam</strong></span> <span class='ocrx_word' id='word_1_108' title='bbox 965 1823 1084 1889; x_wconf 84' lang='lat' dir='ltr'><strong>videre.</strong></span> <span class='ocrx_word' id='word_1_109' title='bbox 1136 1827 1271 1890; x_wconf 82' lang='lat' dir='ltr'><strong>Helenae</strong></span> 
     </span>
     <span class='ocr_line' id='line_1_15' title="bbox 168 1923 1271 2010; baseline 0 -16"><span class='ocrx_word' id='word_1_110' title='bbox 168 1930 344 1994; x_wconf 85' lang='lat' dir='ltr'><strong>ntmtiatum</strong></span> <span class='ocrx_word' id='word_1_111' title='bbox 357 1941 419 2008; x_wconf 86' lang='lat' dir='ltr'><strong>est,</strong></span> <span class='ocrx_word' id='word_1_112' title='bbox 444 1923 667 2006; x_wconf 78' lang='lat' dir='ltr'><strong>Alexandrum,</strong></span> <span class='ocrx_word' id='word_1_113' title='bbox 693 1926 814 1993; x_wconf 86' lang='lat' dir='ltr'><strong>Priami</strong></span> <span class='ocrx_word' id='word_1_114' title='bbox 829 1929 910 2010; x_wconf 81' lang='lat' dir='ltr'><strong>regis</strong></span> <span class='ocrx_word' id='word_1_115' title='bbox 927 1930 1043 2009; x_wconf 89' lang='lat' dir='ltr'><strong>lilium,</strong></span> <span class='ocrx_word' id='word_1_116' title='bbox 1069 1927 1111 1991; x_wconf 85' lang='lat' dir='ltr'><strong>ad</strong></span> <span class='ocrx_word' id='word_1_117' title='bbox 1122 1930 1271 1994; x_wconf 83' lang='lat' dir='ltr'><strong>Helaeam</strong></span> 
     </span>
     <span class='ocr_line' id='line_1_16' title="bbox 167 2005 1271 2128; baseline 0.001 -31"><span class='ocrx_word' id='word_1_118' title='bbox 167 2031 338 2122; x_wconf 85' lang='lat' dir='ltr'><strong>oppidum,</strong></span> <span class='ocrx_word' id='word_1_119' title='bbox 362 2033 419 2096; x_wconf 91' lang='lat' dir='ltr'><strong>ubi</strong></span> <span class='ocrx_word' id='word_1_120' title='bbox 440 2031 511 2118; x_wconf 87' lang='lat' dir='ltr'><strong>ipsa</strong></span> <span class='ocrx_word' id='word_1_121' title='bbox 538 2005 784 2128; x_wconf 63' lang='lat' dir='ltr'><strong>erat,[renisse.</strong></span> <span class='ocrx_word' id='word_1_122' title='bbox 835 2053 927 2117; x_wconf 83' lang='lat' dir='ltr'><strong>quem</strong></span> <span class='ocrx_word' id='word_1_123' title='bbox 948 2033 1046 2096; x_wconf 87' lang='lat' dir='ltr'><strong>etiam</strong></span> <span class='ocrx_word' id='word_1_124' title='bbox 1071 2033 1141 2119; x_wconf 90' lang='lat' dir='ltr'><strong>ipsa</strong></span> <span class='ocrx_word' id='word_1_125' title='bbox 1166 2031 1271 2098; x_wconf 82' lang='lat' dir='ltr'><strong>videre</strong></span> 
     </span>
     <span class='ocr_line' id='line_1_17' title="bbox 167 2133 1272 2224; baseline -0.001 -23"><span class='ocrx_word' id='word_1_126' title='bbox 167 2139 319 2224; x_wconf 89' lang='lat' dir='ltr'><strong>cupiebat.</strong></span> <span class='ocrx_word' id='word_1_127' title='bbox 369 2133 410 2199; x_wconf 89' lang='lat' dir='ltr'><strong>Et</strong></span> <span class='ocrx_word' id='word_1_128' title='bbox 424 2156 517 2220; x_wconf 88' lang='lat' dir='ltr'><strong>quum</strong></span> <span class='ocrx_word' id='word_1_129' title='bbox 530 2154 564 2198; x_wconf 90' lang='lat' dir='ltr'><strong>se</strong></span> <span class='ocrx_word' id='word_1_130' title='bbox 577 2133 698 2219; x_wconf 87' lang='lat' dir='ltr'><strong>utrique</strong></span> <span class='ocrx_word' id='word_1_131' title='bbox 716 2136 944 2222; x_wconf 82' lang='lat' dir='ltr'><strong>respexissent,</strong></span> <span class='ocrx_word' id='word_1_132' title='bbox 970 2138 1075 2215; x_wconf 89' lang='lat' dir='ltr'><strong>ambo,</strong></span> <span class='ocrx_word' id='word_1_133' title='bbox 1096 2139 1203 2200; x_wconf 78' lang='lat' dir='ltr'><strong>forma</strong></span> <span class='ocrx_word' id='word_1_134' title='bbox 1217 2159 1272 2200; x_wconf 78' lang='lat' dir='ltr'><strong>sm</strong></span> 
     </span>
     <span class='ocr_line' id='line_1_18' title="bbox 164 2237 1270 2328; baseline -0.002 -20"><span class='ocrx_word' id='word_1_135' title='bbox 164 2239 295 2322; x_wconf 80' lang='lat' dir='ltr'><strong>incensi,</strong></span> <span class='ocrx_word' id='word_1_136' title='bbox 319 2251 444 2328; x_wconf 85' lang='lat' dir='ltr'><strong>tempus</strong></span> <span class='ocrx_word' id='word_1_137' title='bbox 456 2237 614 2316; x_wconf 81' lang='lat' dir='ltr'><strong>dederunt,</strong></span> <span class='ocrx_word' id='word_1_138' title='bbox 639 2247 675 2300; x_wconf 90' lang='lat' dir='ltr'><strong>ut</strong></span> <span class='ocrx_word' id='word_1_139' title='bbox 691 2241 806 2319; x_wconf 84' lang='lat' dir='ltr'><strong>gratias</strong></span> <span class='ocrx_word' id='word_1_140' title='bbox 819 2241 977 2303; x_wconf 83' lang='lat' dir='ltr'><strong>referrent.</strong></span> <span class='ocrx_word' id='word_1_141' title='bbox 1025 2237 1270 2306; x_wconf 84' lang='lat' dir='ltr'><strong>Alexanderim-</strong></span> 
     </span>
     <span class='ocr_line' id='line_1_19' title="bbox 164 2342 1266 2433; baseline 0 -26"><span class='ocrx_word' id='word_1_142' title='bbox 164 2356 263 2433; x_wconf 88' lang='lat' dir='ltr'><strong>perat,</strong></span> <span class='ocrx_word' id='word_1_143' title='bbox 290 2364 402 2410; x_wconf 87' lang='lat' dir='ltr'><strong>omnes</strong></span> <span class='ocrx_word' id='word_1_144' title='bbox 419 2354 454 2404; x_wconf 93' lang='lat' dir='ltr'><strong>ut</strong></span> <span class='ocrx_word' id='word_1_145' title='bbox 468 2343 502 2406; x_wconf 87' lang='lat' dir='ltr'><strong>in</strong></span> <span class='ocrx_word' id='word_1_146' title='bbox 518 2342 651 2405; x_wconf 82' lang='lat' dir='ltr'><strong>naribus</strong></span> <span class='ocrx_word' id='word_1_147' title='bbox 664 2342 728 2404; x_wconf 89' lang='lat' dir='ltr'><strong>sint</strong></span> <span class='ocrx_word' id='word_1_148' title='bbox 740 2343 859 2429; x_wconf 86' lang='lat' dir='ltr'><strong>parati:</strong></span> <span class='ocrx_word' id='word_1_149' title='bbox 877 2342 975 2406; x_wconf 84' lang='lat' dir='ltr'><strong>&#39;nocte</strong></span> <span class='ocrx_word' id='word_1_150' title='bbox 993 2344 1125 2407; x_wconf 75' lang='lat' dir='ltr'><strong>classem</strong></span> <span class='ocrx_word' id='word_1_151' title='bbox 1138 2346 1266 2424; x_wconf 76' lang='lat' dir='ltr'><strong>solvant,</strong></span> 
     </span>
     <span class='ocr_line' id='line_1_20' title="bbox 165 2442 1266 2531; baseline 0 -20"><span class='ocrx_word' id='word_1_152' title='bbox 165 2443 205 2512; x_wconf 90' lang='lat' dir='ltr'><strong>de</strong></span> <span class='ocrx_word' id='word_1_153' title='bbox 222 2453 295 2513; x_wconf 84' lang='lat' dir='ltr'><strong>fano</strong></span> <span class='ocrx_word' id='word_1_154' title='bbox 307 2449 464 2512; x_wconf 87' lang='lat' dir='ltr'><strong>Helenam</strong></span> <span class='ocrx_word' id='word_1_155' title='bbox 484 2445 633 2531; x_wconf 86' lang='lat' dir='ltr'><strong>eripiant,</strong></span> <span class='ocrx_word' id='word_1_156' title='bbox 659 2465 766 2508; x_wconf 87' lang='lat' dir='ltr'><strong>secum</strong></span> <span class='ocrx_word' id='word_1_157' title='bbox 787 2465 858 2510; x_wconf 88' lang='lat' dir='ltr'><strong>eam</strong></span> <span class='ocrx_word' id='word_1_158' title='bbox 877 2448 1026 2510; x_wconf 82' lang='lat' dir='ltr'><strong>auferant.</strong></span> <span class='ocrx_word' id='word_1_159' title='bbox 1064 2442 1174 2528; x_wconf 52' lang='lat' dir='ltr'><strong>:Signo</strong></span> <span class='ocrx_word' id='word_1_160' title='bbox 1196 2446 1266 2512; x_wconf 83' lang='lat' dir='ltr'><strong>dato</strong></span> 
     </span>
     <span class='ocr_line' id='line_1_21' title="bbox 163 2547 1267 2637; baseline 0 -23"><span class='ocrx_word' id='word_1_161' title='bbox 163 2555 272 2616; x_wconf 81' lang='lat' dir='ltr'><strong>lanum</strong></span> <span class='ocrx_word' id='word_1_162' title='bbox 283 2554 475 2628; x_wconf 76' lang='lat' dir='ltr'><strong>invaserunt,</strong></span> <span class='ocrx_word' id='word_1_163' title='bbox 501 2549 655 2612; x_wconf 85' lang='lat' dir='ltr'><strong>Helenam</strong></span> <span class='ocrx_word' id='word_1_164' title='bbox 669 2547 852 2614; x_wconf 80' lang='lat' dir='ltr'><strong>inviolatam</strong></span> <span class='ocrx_word' id='word_1_165' title='bbox 867 2551 1008 2637; x_wconf 79' lang='lat' dir='ltr'><strong>eripiunt,</strong></span> <span class='ocrx_word' id='word_1_166' title='bbox 1033 2550 1068 2613; x_wconf 92' lang='lat' dir='ltr'><strong>in</strong></span> <span class='ocrx_word' id='word_1_167' title='bbox 1082 2573 1198 2615; x_wconf 71' lang='lat' dir='ltr'><strong>nav·</strong></span> <span class='ocrx_word' id='word_1_168' title='bbox 1212 2549 1267 2614; x_wconf 84' lang='lat' dir='ltr'><strong>de·</strong></span> 
     </span>
     <span class='ocr_line' id='line_1_22' title="bbox 163 2651 1267 2745; baseline -0.001 -27"><span class='ocrx_word' id='word_1_169' title='bbox 163 2659 281 2737; x_wconf 78' lang='lat' dir='ltr'><strong>serunt,</strong></span> <span class='ocrx_word' id='word_1_170' title='bbox 308 2667 340 2720; x_wconf 88' lang='lat' dir='ltr'><strong>et</strong></span> <span class='ocrx_word' id='word_1_171' title='bbox 361 2671 493 2718; x_wconf 81' lang='lat' dir='ltr'><strong>cumea</strong></span> <span class='ocrx_word' id='word_1_172' title='bbox 514 2653 660 2716; x_wconf 87' lang='lat' dir='ltr'><strong>mulieres</strong></span> <span class='ocrx_word' id='word_1_173' title='bbox 683 2653 802 2738; x_wconf 91' lang='lat' dir='ltr'><strong>aliquas</strong></span> <span class='ocrx_word' id='word_1_174' title='bbox 818 2651 1052 2742; x_wconf 85' lang='lat' dir='ltr'><strong>depraedantur.</strong></span> <span class='ocrx_word' id='word_1_175' title='bbox 1104 2651 1198 2745; x_wconf 70' lang='lat' dir='ltr'><strong>Quod</strong></span> <span class='ocrx_word' id='word_1_176' title='bbox 1212 2653 1267 2718; x_wconf 85' lang='lat' dir='ltr'><strong>ubi</strong></span> 
     </span>
     <span class='ocr_line' id='line_1_23' title="bbox 160 2753 1266 2846; baseline 0 -24"><span class='ocrx_word' id='word_1_177' title='bbox 160 2757 317 2824; x_wconf 87' lang='lat' dir='ltr'><strong>Helenam</strong></span> <span class='ocrx_word' id='word_1_178' title='bbox 338 2761 502 2846; x_wconf 85' lang='lat' dir='ltr'><strong>abreptam</strong></span> <span class='ocrx_word' id='word_1_179' title='bbox 522 2753 672 2843; x_wconf 89' lang='lat' dir='ltr'><strong>oppidani</strong></span> <span class='ocrx_word' id='word_1_180' title='bbox 688 2755 858 2836; x_wconf 72' lang='lat' dir='ltr'><strong>vidissent,</strong></span> <span class='ocrx_word' id='word_1_181' title='bbox 885 2755 940 2820; x_wconf 90' lang='lat' dir='ltr'><strong>diu</strong></span> <span class='ocrx_word' id='word_1_182' title='bbox 964 2770 1179 2845; x_wconf 74' lang='lat' dir='ltr'><strong>pugnaverunt</strong></span> <span class='ocrx_word' id='word_1_183' title='bbox 1193 2777 1266 2822; x_wconf 77' lang='lat' dir='ltr'><strong>tom</strong></span> 
     </span>
     <span class='ocr_line' id='line_1_24' title="bbox 159 2859 1267 2949; baseline -0.005 -19"><span class='ocrx_word' id='word_1_184' title='bbox 159 2862 354 2943; x_wconf 74' lang='lat' dir='ltr'><strong>Alexandro,</strong></span> <span class='ocrx_word' id='word_1_185' title='bbox 379 2885 420 2926; x_wconf 88' lang='lat' dir='ltr'><strong>nc</strong></span> <span class='ocrx_word' id='word_1_186' title='bbox 433 2859 593 2924; x_wconf 86' lang='lat' dir='ltr'><strong>Helenam</strong></span> <span class='ocrx_word' id='word_1_187' title='bbox 607 2861 725 2948; x_wconf 87' lang='lat' dir='ltr'><strong>eripere</strong></span> <span class='ocrx_word' id='word_1_188' title='bbox 740 2873 865 2949; x_wconf 84' lang='lat' dir='ltr'><strong>posset:</strong></span> <span class='ocrx_word' id='word_1_189' title='bbox 891 2881 969 2946; x_wconf 87' lang='lat' dir='ltr'><strong>quos</strong></span> <span class='ocrx_word' id='word_1_190' title='bbox 982 2860 1159 2925; x_wconf 86' lang='lat' dir='ltr'><strong>Alexander</strong></span> <span class='ocrx_word' id='word_1_191' title='bbox 1171 2865 1267 2926; x_wconf 79' lang='lat' dir='ltr'><strong>fretm</strong></span> 
     </span>
     <span class='ocr_line' id='line_1_25' title="bbox 158 2965 1266 3052; baseline 0 -22"><span class='ocrx_word' id='word_1_192' title='bbox 158 2965 356 3030; x_wconf 87' lang='lat' dir='ltr'><strong>multitudine</strong></span> <span class='ocrx_word' id='word_1_193' title='bbox 378 2967 538 3031; x_wconf 84' lang='lat' dir='ltr'><strong>sociorum</strong></span> <span class='ocrx_word' id='word_1_194' title='bbox 565 2965 737 3051; x_wconf 78' lang='lat' dir='ltr'><strong>superavit,</strong></span> <span class='ocrx_word' id='word_1_195' title='bbox 763 2966 871 3028; x_wconf 83' lang='lat' dir='ltr'><strong>fanum</strong></span> <span class='ocrx_word' id='word_1_196' title='bbox 894 2965 1100 3052; x_wconf 83' lang='lat' dir='ltr'><strong>exspoliavit,</strong></span> <span class='ocrx_word' id='word_1_197' title='bbox 1120 2966 1266 3030; x_wconf 84' lang='lat' dir='ltr'><strong>homines</strong></span> 
     </span>
     <span class='ocr_line' id='line_1_26' title="bbox 158 3065 1268 3155; baseline 0.002 -23"><span class='ocrx_word' id='word_1_198' title='bbox 158 3089 266 3132; x_wconf 85' lang='lat' dir='ltr'><strong>secum</strong></span> <span class='ocrx_word' id='word_1_199' title='bbox 283 3070 529 3155; x_wconf 87' lang='lat' dir='ltr'><strong>quamplurimos</strong></span> <span class='ocrx_word' id='word_1_200' title='bbox 544 3070 683 3154; x_wconf 75' lang='lat' dir='ltr'><strong>captivos</strong></span> <span class='ocrx_word' id='word_1_201' title='bbox 699 3065 797 3148; x_wconf 84' lang='lat' dir='ltr'><strong>duxit,</strong></span> <span class='ocrx_word' id='word_1_202' title='bbox 823 3069 857 3131; x_wconf 91' lang='lat' dir='ltr'><strong>in</strong></span> <span class='ocrx_word' id='word_1_203' title='bbox 870 3070 977 3131; x_wconf 81' lang='lat' dir='ltr'><strong>nerim</strong></span> <span class='ocrx_word' id='word_1_204' title='bbox 990 3069 1156 3154; x_wconf 79' lang='lat' dir='ltr'><strong>imposuit,</strong></span> <span class='ocrx_word' id='word_1_205' title='bbox 1170 3071 1268 3134; x_wconf 61' lang='lat' dir='ltr'><strong>telas-</strong></span> 
     </span>
     <span class='ocr_line' id='line_1_27' title="bbox 156 3147 1266 3278; baseline 0.002 -44"><span class='ocrx_word' id='word_1_206' title='bbox 156 3191 226 3234; x_wconf 89' lang='lat' dir='ltr'><strong>sem</strong></span> <span class='ocrx_word' id='word_1_207' title='bbox 238 3173 342 3250; x_wconf 84' lang='lat' dir='ltr'><strong>solvit,</strong></span> <span class='ocrx_word' id='word_1_208' title='bbox 369 3169 500 3234; x_wconf 89' lang='lat' dir='ltr'><strong>domum</strong></span> <span class='ocrx_word' id='word_1_209' title='bbox 515 3173 630 3235; x_wconf 74' lang='lat' dir='ltr'><strong>reverti</strong></span> <span class='ocrx_word' id='word_1_210' title='bbox 642 3147 817 3278; x_wconf 76' lang='lat' dir='ltr'><strong>¹disposuit:</strong></span> <span class='ocrx_word' id='word_1_211' title='bbox 841 3171 875 3234; x_wconf 92' lang='lat' dir='ltr'><strong>in</strong></span> <span class='ocrx_word' id='word_1_212' title='bbox 887 3183 1011 3257; x_wconf 87' lang='lat' dir='ltr'><strong>portum</strong></span> <span class='ocrx_word' id='word_1_213' title='bbox 1024 3169 1178 3236; x_wconf 86' lang='lat' dir='ltr'><strong>Tenedon</strong></span> <span class='ocrx_word' id='word_1_214' title='bbox 1192 3193 1266 3260; x_wconf 86' lang='lat' dir='ltr'><strong>per·</strong></span> 
     </span>
     <span class='ocr_line' id='line_1_28' title="bbox 155 3274 1264 3362; baseline 0 -24"><span class='ocrx_word' id='word_1_215' title='bbox 155 3275 258 3355; x_wconf 81' lang='lat' dir='ltr'><strong>venit,</strong></span> <span class='ocrx_word' id='word_1_216' title='bbox 284 3274 339 3336; x_wconf 90' lang='lat' dir='ltr'><strong>ubi</strong></span> <span class='ocrx_word' id='word_1_217' title='bbox 352 3274 507 3337; x_wconf 86' lang='lat' dir='ltr'><strong>Helenam</strong></span> <span class='ocrx_word' id='word_1_218' title='bbox 526 3287 683 3340; x_wconf 88' lang='lat' dir='ltr'><strong>moestam</strong></span> <span class='ocrx_word' id='word_1_219' title='bbox 699 3275 836 3362; x_wconf 87' lang='lat' dir='ltr'><strong>alloquio</strong></span> <span class='ocrx_word' id='word_1_220' title='bbox 855 3276 1028 3356; x_wconf 82' lang='lat' dir='ltr'><strong>mitigavit,</strong></span> <span class='ocrx_word' id='word_1_221' title='bbox 1050 3275 1132 3362; x_wconf 90' lang='lat' dir='ltr'><strong>patri</strong></span> <span class='ocrx_word' id='word_1_222' title='bbox 1147 3278 1194 3340; x_wconf 90' lang='lat' dir='ltr'><strong>rei</strong></span> <span class='ocrx_word' id='word_1_223' title='bbox 1208 3297 1264 3356; x_wconf 77' lang='lat' dir='ltr'><strong>ge-</strong></span> 
     </span>
     <span class='ocr_line' id='line_1_29' title="bbox 155 3374 1263 3468; baseline -0.002 -26"><span class='ocrx_word' id='word_1_224' title='bbox 155 3389 224 3442; x_wconf 86' lang='lat' dir='ltr'><strong>stae</strong></span> <span class='ocrx_word' id='word_1_225' title='bbox 251 3377 395 3441; x_wconf 89' lang='lat' dir='ltr'><strong>nuntium</strong></span> <span class='ocrx_word' id='word_1_226' title='bbox 418 3379 515 3440; x_wconf 83' lang='lat' dir='ltr'><strong>misit.</strong></span> <span class='ocrx_word' id='word_1_227' title='bbox 567 3374 711 3442; x_wconf 84' lang='lat' dir='ltr'><strong>Menelao</strong></span> <span class='ocrx_word' id='word_1_228' title='bbox 739 3391 907 3468; x_wconf 87' lang='lat' dir='ltr'><strong>postquam</strong></span> <span class='ocrx_word' id='word_1_229' title='bbox 932 3379 967 3440; x_wconf 90' lang='lat' dir='ltr'><strong>in</strong></span> <span class='ocrx_word' id='word_1_230' title='bbox 986 3378 1066 3460; x_wconf 81' lang='lat' dir='ltr'><strong>Pylo</strong></span> <span class='ocrx_word' id='word_1_231' title='bbox 1091 3382 1263 3442; x_wconf 90' lang='lat' dir='ltr'><strong>nuntiatum</strong></span> 
     </span>
     <span class='ocr_line' id='line_1_30' title="bbox 156 3479 1263 3571; baseline -0.001 -25"><span class='ocrx_word' id='word_1_232' title='bbox 156 3493 221 3562; x_wconf 84' lang='lat' dir='ltr'><strong>est,</strong></span> <span class='ocrx_word' id='word_1_233' title='bbox 248 3503 319 3544; x_wconf 88' lang='lat' dir='ltr'><strong>cum</strong></span> <span class='ocrx_word' id='word_1_234' title='bbox 337 3481 471 3546; x_wconf 86' lang='lat' dir='ltr'><strong>Nestore</strong></span> <span class='ocrx_word' id='word_1_235' title='bbox 494 3479 640 3566; x_wconf 86' lang='lat' dir='ltr'><strong>Spartam</strong></span> <span class='ocrx_word' id='word_1_236' title='bbox 661 3485 818 3571; x_wconf 84' lang='lat' dir='ltr'><strong>proiectus</strong></span> <span class='ocrx_word' id='word_1_237' title='bbox 842 3494 909 3562; x_wconf 89' lang='lat' dir='ltr'><strong>est,</strong></span> <span class='ocrx_word' id='word_1_238' title='bbox 935 3481 978 3546; x_wconf 82' lang='lat' dir='ltr'><strong>ad</strong></span> <span class='ocrx_word' id='word_1_239' title='bbox 999 3483 1263 3564; x_wconf 81' lang='lat' dir='ltr'><strong>Agamemnonem</strong></span> 
     </span>
    </p>
   </div>
   <div class='ocr_carea' id='block_1_5' title="bbox 153 3585 957 3824">
    <p class='ocr_par' dir='ltr' id='par_1_5' title="bbox 153 3585 957 3824">
     <span class='ocr_line' id='line_1_31' title="bbox 153 3585 957 3668; baseline 0.001 -19"><span class='ocrx_word' id='word_1_240' title='bbox 153 3589 282 3654; x_wconf 65' lang='lat' dir='ltr'><strong>inanem</strong></span> <span class='ocrx_word' id='word_1_241' title='bbox 295 3587 385 3660; x_wconf 79' lang='lat' dir='ltr'><strong>misit</strong></span> <span class='ocrx_word' id='word_1_242' title='bbox 399 3585 507 3668; x_wconf 75' lang='lat' dir='ltr'><strong>Argos,</strong></span> <span class='ocrx_word' id='word_1_243' title='bbox 528 3605 652 3666; x_wconf 84' lang='lat' dir='ltr'><strong>rogans,</strong></span> <span class='ocrx_word' id='word_1_244' title='bbox 678 3597 713 3650; x_wconf 94' lang='lat' dir='ltr'><strong>ut</strong></span> <span class='ocrx_word' id='word_1_245' title='bbox 726 3585 768 3650; x_wconf 90' lang='lat' dir='ltr'><strong>ad</strong></span> <span class='ocrx_word' id='word_1_246' title='bbox 782 3609 818 3652; x_wconf 85' lang='lat' dir='ltr'><strong>se</strong></span> <span class='ocrx_word' id='word_1_247' title='bbox 834 3586 957 3652; x_wconf 76' lang='lat' dir='ltr'><strong>veniat.</strong></span> 
     </span>
     <span class='ocr_line' id='line_1_32' title="bbox 620 3755 792 3824; baseline 0 0"><span class='ocrx_word' id='word_1_248' title='bbox 620 3755 711 3824; x_wconf 76' lang='lat' dir='ltr'><strong>(ite.</strong></span> <span class='ocrx_word' id='word_1_249' title='bbox 730 3757 792 3824; x_wconf 86' lang='lat' dir='ltr'><strong>XI.</strong></span> 
     </span>
    </p>
   </div>
   <div class='ocr_carea' id='block_1_6' title="bbox 149 3891 1264 4290">
    <p class='ocr_par' dir='ltr' id='par_1_6' title="bbox 149 3891 1264 4290">
     <span class='ocr_line' id='line_1_33' title="bbox 253 3891 1264 3984; baseline -0.002 -26"><span class='ocrx_word' id='word_1_250' title='bbox 253 3891 376 3962; x_wconf 80' lang='lat' dir='ltr'><strong>interea</strong></span> <span class='ocrx_word' id='word_1_251' title='bbox 387 3891 563 3959; x_wconf 86' lang='lat' dir='ltr'><strong>Alexander</strong></span> <span class='ocrx_word' id='word_1_252' title='bbox 581 3893 621 3957; x_wconf 90' lang='lat' dir='ltr'><strong>ad</strong></span> <span class='ocrx_word' id='word_1_253' title='bbox 639 3907 760 3982; x_wconf 88' lang='lat' dir='ltr'><strong>patrem</strong></span> <span class='ocrx_word' id='word_1_254' title='bbox 780 3917 872 3960; x_wconf 84' lang='lat' dir='ltr'><strong>suum</strong></span> <span class='ocrx_word' id='word_1_255' title='bbox 887 3917 959 3960; x_wconf 88' lang='lat' dir='ltr'><strong>cum</strong></span> <span class='ocrx_word' id='word_1_256' title='bbox 974 3891 1094 3984; x_wconf 59' lang='lat' dir='ltr'><strong>,pineda</strong></span> <span class='ocrx_word' id='word_1_257' title='bbox 1110 3895 1264 3982; x_wconf 74' lang='lat' dir='ltr'><strong>peruenit,</strong></span> 
     </span>
     <span class='ocr_line' id='line_1_34' title="bbox 151 3997 1264 4083; baseline 0.002 -25"><span class='ocrx_word' id='word_1_258' title='bbox 151 4007 183 4058; x_wconf 86' lang='lat' dir='ltr'><strong>ct</strong></span> <span class='ocrx_word' id='word_1_259' title='bbox 203 3997 251 4060; x_wconf 88' lang='lat' dir='ltr'><strong>rei</strong></span> <span class='ocrx_word' id='word_1_260' title='bbox 271 4010 378 4078; x_wconf 78' lang='lat' dir='ltr'><strong>gestae</strong></span> <span class='ocrx_word' id='word_1_261' title='bbox 399 3997 542 4062; x_wconf 86' lang='lat' dir='ltr'><strong>ordinem</strong></span> <span class='ocrx_word' id='word_1_262' title='bbox 565 3999 668 4066; x_wconf 78' lang='lat' dir='ltr'><strong>refert.</strong></span> <span class='ocrx_word' id='word_1_263' title='bbox 717 3999 860 4064; x_wconf 84' lang='lat' dir='ltr'><strong>Priamus</strong></span> <span class='ocrx_word' id='word_1_264' title='bbox 883 4002 1015 4082; x_wconf 77' lang='lat' dir='ltr'><strong>gavisus</strong></span> <span class='ocrx_word' id='word_1_265' title='bbox 1035 4010 1101 4076; x_wconf 86' lang='lat' dir='ltr'><strong>est,</strong></span> <span class='ocrx_word' id='word_1_266' title='bbox 1123 4017 1264 4083; x_wconf 82' lang='lat' dir='ltr'><strong>sperans,</strong></span> 
     </span>
     <span class='ocr_line' id='line_1_35' title="bbox 150 4095 1263 4188; baseline -0.003 -24"><span class='ocrx_word' id='word_1_267' title='bbox 150 4095 288 4164; x_wconf 86' lang='lat' dir='ltr'><strong>Graecos</strong></span> <span class='ocrx_word' id='word_1_268' title='bbox 304 4121 414 4164; x_wconf 84' lang='lat' dir='ltr'><strong>caussa</strong></span> <span class='ocrx_word' id='word_1_269' title='bbox 426 4102 667 4188; x_wconf 86' lang='lat' dir='ltr'><strong>recuperationis</strong></span> <span class='ocrx_word' id='word_1_270' title='bbox 681 4103 820 4168; x_wconf 89' lang='lat' dir='ltr'><strong>Helenae</strong></span> <span class='ocrx_word' id='word_1_271' title='bbox 840 4125 981 4168; x_wconf 86' lang='lat' dir='ltr'><strong>sororem</strong></span> <span class='ocrx_word' id='word_1_272' title='bbox 997 4101 1179 4167; x_wconf 85' lang='lat' dir='ltr'><strong>Hesionam</strong></span> <span class='ocrx_word' id='word_1_273' title='bbox 1191 4095 1263 4161; x_wconf 86' lang='lat' dir='ltr'><strong>red·</strong></span> 
     </span>
     <span class='ocr_line' id='line_1_36' title="bbox 149 4195 1264 4290; baseline 0.001 -28"><span class='ocrx_word' id='word_1_274' title='bbox 149 4195 284 4279; x_wconf 77' lang='lat' dir='ltr'><strong>diuuos,</strong></span> <span class='ocrx_word' id='word_1_275' title='bbox 310 4213 343 4266; x_wconf 90' lang='lat' dir='ltr'><strong>et</strong></span> <span class='ocrx_word' id='word_1_276' title='bbox 361 4223 417 4284; x_wconf 89' lang='lat' dir='ltr'><strong>ea,</strong></span> <span class='ocrx_word' id='word_1_277' title='bbox 444 4223 524 4290; x_wconf 88' lang='lat' dir='ltr'><strong>quae</strong></span> <span class='ocrx_word' id='word_1_278' title='bbox 544 4203 619 4268; x_wconf 85' lang='lat' dir='ltr'><strong>inda</strong></span> <span class='ocrx_word' id='word_1_279' title='bbox 643 4225 663 4268; x_wconf 88' lang='lat' dir='ltr'><strong>a</strong></span> <span class='ocrx_word' id='word_1_280' title='bbox 684 4206 831 4272; x_wconf 87' lang='lat' dir='ltr'><strong>Troianis</strong></span> <span class='ocrx_word' id='word_1_281' title='bbox 851 4209 1055 4274; x_wconf 67' lang='lat' dir='ltr'><strong>obsederant.</strong></span> <span class='ocrx_word' id='word_1_282' title='bbox 1106 4203 1264 4268; x_wconf 87' lang='lat' dir='ltr'><strong>Helenam</strong></span> 
     </span>
    </p>
   </div>
   <div class='ocr_carea' id='block_1_7' title="bbox 0 0 1386 4684">
    <p class='ocr_par' dir='ltr' id='par_1_7' title="bbox 0 0 1386 4684">
     <span class='ocr_line' id='line_1_37' title="bbox 0 0 1386 4684; baseline 0 0"><span class='ocrx_word' id='word_1_283' title='bbox 0 0 1386 4684; x_wconf 95' lang='lat' dir='ltr'><strong> </strong></span> 
     </span>
    </p>
   </div>
  </div>
 </body>
</html>
