<?xml version="1.0" encoding="UTF-8"?>
<!DOCTYPE html PUBLIC "-//W3C//DTD XHTML 1.0 Transitional//EN"
    "http://www.w3.org/TR/xhtml1/DTD/xhtml1-transitional.dtd">
<html xmlns="http://www.w3.org/1999/xhtml" xml:lang="en" lang="en">
 <head>
  <title>
</title>
<meta http-equiv="Content-Type" content="text/html;charset=utf-8" />
  <meta name='ocr-system' content='tesseract 3.04.00' />
  <meta name='ocr-capabilities' content='ocr_page ocr_carea ocr_par ocr_line ocrx_word'/>
</head>
<body>
  <div class='ocr_page' id='page_1' title='image "./dictyscretensis00dictgoog_0286.png"; bbox 0 0 2860 4688; ppageno 0'>
   <div class='ocr_carea' id='block_1_1' title="bbox 225 345 926 418">
    <p class='ocr_par' dir='ltr' id='par_1_1' title="bbox 225 345 926 418">
     <span class='ocr_line' id='line_1_1' title="bbox 225 345 926 418; baseline -0.014 -2"><span class='ocrx_word' id='word_1_1' title='bbox 225 345 296 418; x_wconf 79' lang='lat' dir='ltr'><strong>tte</strong></span> <span class='ocrx_word' id='word_1_2' title='bbox 604 355 721 408; x_wconf 81' lang='lat' dir='ltr'><strong>nimis</strong></span> <span class='ocrx_word' id='word_1_3' title='bbox 745 353 926 408; x_wconf 81' lang='lat' dir='ltr'><strong>cammaro</strong></span> 
     </span>
    </p>
   </div>
   <div class='ocr_carea' id='block_1_2' title="bbox 114 543 1332 2528">
    <p class='ocr_par' dir='ltr' id='par_1_2' title="bbox 114 543 1326 1946">
     <span class='ocr_line' id='line_1_2' title="bbox 222 543 1316 660; baseline -0.013 -24"><span class='ocrx_word' id='word_1_4' title='bbox 222 573 321 636; x_wconf 84' lang='lat' dir='ltr'><strong>cteta</strong></span> <span class='ocrx_word' id='word_1_5' title='bbox 355 575 575 660; x_wconf 78' lang='lat' dir='ltr'><strong>progressus</strong></span> <span class='ocrx_word' id='word_1_6' title='bbox 607 547 811 656; x_wconf 78' lang='lat' dir='ltr'><strong>adversum</strong></span> <span class='ocrx_word' id='word_1_7' title='bbox 839 543 1122 636; x_wconf 65' lang='lat' dir='ltr'><strong>Alexandrum,</strong></span> <span class='ocrx_word' id='word_1_8' title='bbox 1149 543 1316 641; x_wconf 74' lang='lat' dir='ltr'><strong>lacessit,</strong></span> 
     </span>
     <span class='ocr_line' id='line_1_3' title="bbox 223 665 1317 770; baseline -0.011 -19"><span class='ocrx_word' id='word_1_9' title='bbox 223 676 255 752; x_wconf 91' lang='lat' dir='ltr'><strong>si</strong></span> <span class='ocrx_word' id='word_1_10' title='bbox 291 672 469 756; x_wconf 76' lang='lat' dir='ltr'><strong>auderet,</strong></span> <span class='ocrx_word' id='word_1_11' title='bbox 517 665 712 770; x_wconf 78' lang='lat' dir='ltr'><strong>sagittario</strong></span> <span class='ocrx_word' id='word_1_12' title='bbox 753 665 976 741; x_wconf 80' lang='lat' dir='ltr'><strong>certamine.</strong></span> <span class='ocrx_word' id='word_1_13' title='bbox 1040 669 1099 740; x_wconf 88' lang='lat' dir='ltr'><strong>lta</strong></span> <span class='ocrx_word' id='word_1_14' title='bbox 1138 689 1317 740; x_wconf 85' lang='lat' dir='ltr'><strong>concessu</strong></span> 
     </span>
     <span class='ocr_line' id='line_1_4' title="bbox 222 778 1322 889; baseline -0.008 -24"><span class='ocrx_word' id='word_1_15' title='bbox 222 789 429 889; x_wconf 76' lang='lat' dir='ltr'><strong>utriusque</strong></span> <span class='ocrx_word' id='word_1_16' title='bbox 461 783 581 889; x_wconf 87' lang='lat' dir='ltr'><strong>partis</strong></span> <span class='ocrx_word' id='word_1_17' title='bbox 606 781 733 857; x_wconf 77' lang='lat' dir='ltr'>Ulixes</span> <span class='ocrx_word' id='word_1_18' title='bbox 756 799 875 884; x_wconf 86' lang='lat' dir='ltr'><strong>atque</strong></span> <span class='ocrx_word' id='word_1_19' title='bbox 899 778 1130 884; x_wconf 83' lang='lat' dir='ltr'><strong>Dsiphobus</strong></span> <span class='ocrx_word' id='word_1_20' title='bbox 1150 780 1322 884; x_wconf 87' lang='lat' dir='ltr'><strong>spatium</strong></span> 
     </span>
     <span class='ocr_line' id='line_1_5' title="bbox 225 897 1325 1002; baseline -0.009 -20"><span class='ocrx_word' id='word_1_21' title='bbox 225 903 447 982; x_wconf 78' lang='lat' dir='ltr'><strong>certaminis</strong></span> <span class='ocrx_word' id='word_1_22' title='bbox 484 898 694 974; x_wconf 84' lang='lat' dir='ltr'><strong>definiunt</strong></span> <span class='ocrx_word' id='word_1_23' title='bbox 748 899 892 1000; x_wconf 73' lang='lat' dir='ltr'><strong>¹Igitur</strong></span> <span class='ocrx_word' id='word_1_24' title='bbox 925 898 1077 1002; x_wconf 88' lang='lat' dir='ltr'><strong>primus</strong></span> <span class='ocrx_word' id='word_1_25' title='bbox 1105 897 1325 973; x_wconf 74' lang='lat' dir='ltr'><strong>Alexander</strong></span> 
     </span>
     <span class='ocr_line' id='line_1_6' title="bbox 226 1014 1325 1120; baseline -0.005 -24"><span class='ocrx_word' id='word_1_26' title='bbox 226 1015 417 1097; x_wconf 75' lang='lat' dir='ltr'><strong>incassum</strong></span> <span class='ocrx_word' id='word_1_27' title='bbox 432 1019 609 1120; x_wconf 78' lang='lat' dir='ltr'><strong>sagittam</strong></span> <span class='ocrx_word' id='word_1_28' title='bbox 633 1015 848 1092; x_wconf 85' lang='lat' dir='ltr'><strong>contendit</strong></span> <span class='ocrx_word' id='word_1_29' title='bbox 897 1015 1001 1090; x_wconf 88' lang='lat' dir='ltr'><strong>Dein</strong></span> <span class='ocrx_word' id='word_1_30' title='bbox 1026 1014 1238 1092; x_wconf 82' lang='lat' dir='ltr'><strong>Philocteta</strong></span> <span class='ocrx_word' id='word_1_31' title='bbox 1263 1016 1325 1091; x_wconf 91' lang='lat' dir='ltr'><strong>in·</strong></span> 
     </span>
     <span class='ocr_line' id='line_1_7' title="bbox 217 1131 1324 1235; baseline -0.005 -24"><span class='ocrx_word' id='word_1_32' title='bbox 217 1155 377 1220; x_wconf 73' lang='lat' dir='ltr'><strong>secutus</strong></span> <span class='ocrx_word' id='word_1_33' title='bbox 408 1135 601 1210; x_wconf 77' lang='lat' dir='ltr'><strong>sinistram</strong></span> <span class='ocrx_word' id='word_1_34' title='bbox 632 1155 794 1206; x_wconf 89' lang='lat' dir='ltr'><strong>manum</strong></span> <span class='ocrx_word' id='word_1_35' title='bbox 830 1131 930 1206; x_wconf 88' lang='lat' dir='ltr'><strong>hosti</strong></span> <span class='ocrx_word' id='word_1_36' title='bbox 958 1131 1165 1235; x_wconf 74' lang='lat' dir='ltr'><strong>transfigit3</strong></span> <span class='ocrx_word' id='word_1_37' title='bbox 1205 1133 1324 1208; x_wconf 86' lang='lat' dir='ltr'><strong>recla-</strong></span> 
     </span>
     <span class='ocr_line' id='line_1_8' title="bbox 226 1247 1326 1354; baseline -0.004 -26"><span class='ocrx_word' id='word_1_38' title='bbox 226 1252 349 1328; x_wconf 85' lang='lat' dir='ltr'><strong>manti</strong></span> <span class='ocrx_word' id='word_1_39' title='bbox 383 1275 453 1354; x_wconf 91' lang='lat' dir='ltr'><strong>per</strong></span> <span class='ocrx_word' id='word_1_40' title='bbox 479 1247 651 1323; x_wconf 89' lang='lat' dir='ltr'><strong>dolorem</strong></span> <span class='ocrx_word' id='word_1_41' title='bbox 676 1247 856 1323; x_wconf 80' lang='lat' dir='ltr'><strong>dextrum</strong></span> <span class='ocrx_word' id='word_1_42' title='bbox 881 1249 1039 1324; x_wconf 86' lang='lat' dir='ltr'><strong>oculum</strong></span> <span class='ocrx_word' id='word_1_43' title='bbox 1065 1247 1253 1351; x_wconf 76' lang='lat' dir='ltr'><strong>perforat3</strong></span> <span class='ocrx_word' id='word_1_44' title='bbox 1278 1275 1326 1325; x_wconf 89' lang='lat' dir='ltr'><strong>ac</strong></span> 
     </span>
     <span class='ocr_line' id='line_1_9' title="bbox 226 1365 1321 1472; baseline 0 -28"><span class='ocrx_word' id='word_1_45' title='bbox 226 1371 305 1444; x_wconf 84' lang='lat' dir='ltr'><strong>inm</strong></span> <span class='ocrx_word' id='word_1_46' title='bbox 319 1365 531 1470; x_wconf 70' lang='lat' dir='ltr'><strong>fugientem</strong></span> <span class='ocrx_word' id='word_1_47' title='bbox 545 1365 657 1441; x_wconf 89' lang='lat' dir='ltr'><strong>tertio</strong></span> <span class='ocrx_word' id='word_1_48' title='bbox 669 1383 897 1442; x_wconf 86' lang='lat' dir='ltr'><strong>consecutus</strong></span> <span class='ocrx_word' id='word_1_49' title='bbox 908 1365 1078 1455; x_wconf 82' lang='lat' dir='ltr'><strong>vulnere,</strong></span> <span class='ocrx_word' id='word_1_50' title='bbox 1092 1391 1162 1472; x_wconf 91' lang='lat' dir='ltr'><strong>per</strong></span> <span class='ocrx_word' id='word_1_51' title='bbox 1178 1384 1321 1445; x_wconf 87' lang='lat' dir='ltr'><strong>utrun-</strong></span> 
     </span>
     <span class='ocr_line' id='line_1_10' title="bbox 228 1480 1323 1590; baseline -0.001 -29"><span class='ocrx_word' id='word_1_52' title='bbox 228 1513 306 1590; x_wconf 88' lang='lat' dir='ltr'><strong>que</strong></span> <span class='ocrx_word' id='word_1_53' title='bbox 330 1485 468 1590; x_wconf 85' lang='lat' dir='ltr'><strong>pedem</strong></span> <span class='ocrx_word' id='word_1_54' title='bbox 504 1483 667 1574; x_wconf 84' lang='lat' dir='ltr'><strong>traiicit‚</strong></span> <span class='ocrx_word' id='word_1_55' title='bbox 702 1482 985 1586; x_wconf 80' lang='lat' dir='ltr'><strong>fatigatumque</strong></span> <span class='ocrx_word' id='word_1_56' title='bbox 1010 1480 1060 1558; x_wconf 91' lang='lat' dir='ltr'><strong>ad</strong></span> <span class='ocrx_word' id='word_1_57' title='bbox 1085 1501 1323 1588; x_wconf 84' lang='lat' dir='ltr'><strong>postremum</strong></span> 
     </span>
     <span class='ocr_line' id='line_1_11' title="bbox 229 1601 1324 1708; baseline -0.002 -29"><span class='ocrx_word' id='word_1_58' title='bbox 229 1603 433 1679; x_wconf 73' lang='lat' dir='ltr'><strong>interliciat</strong></span> <span class='ocrx_word' id='word_1_59' title='bbox 461 1601 611 1708; x_wconf 81' lang='lat' dir='ltr'><strong>qtsippe</strong></span> <span class='ocrx_word' id='word_1_60' title='bbox 634 1601 813 1678; x_wconf 90' lang='lat' dir='ltr'><strong>Herculis</strong></span> <span class='ocrx_word' id='word_1_61' title='bbox 835 1619 1006 1677; x_wconf 85' lang='lat' dir='ltr'><strong>armatus</strong></span> <span class='ocrx_word' id='word_1_62' title='bbox 1030 1601 1193 1704; x_wconf 84' lang='lat' dir='ltr'><strong>sagittis,</strong></span> <span class='ocrx_word' id='word_1_63' title='bbox 1221 1624 1324 1705; x_wconf 86' lang='lat' dir='ltr'><strong>quae</strong></span> 
     </span>
     <span class='ocr_line' id='line_1_12' title="bbox 114 1717 1326 1825; baseline -0.002 -27"><span class='ocrx_word' id='word_1_64' title='bbox 114 1771 122 1788; x_wconf 54' lang='grc' dir='ltr'><strong><em>ι</em></strong></span> <span class='ocrx_word' id='word_1_65' title='bbox 230 1721 395 1798; x_wconf 88' lang='lat' dir='ltr'><strong>infectae</strong></span> <span class='ocrx_word' id='word_1_66' title='bbox 420 1719 578 1825; x_wconf 86' lang='lat' dir='ltr'><strong>Hydrae</strong></span> <span class='ocrx_word' id='word_1_67' title='bbox 601 1718 808 1823; x_wconf 82' lang='lat' dir='ltr'><strong>sanguine,</strong></span> <span class='ocrx_word' id='word_1_68' title='bbox 841 1717 953 1796; x_wconf 86' lang='lat' dir='ltr'><strong>haud</strong></span> <span class='ocrx_word' id='word_1_69' title='bbox 986 1718 1069 1800; x_wconf 86' lang='lat' dir='ltr'><strong>sinc</strong></span> <span class='ocrx_word' id='word_1_70' title='bbox 1100 1719 1218 1796; x_wconf 79' lang='lat' dir='ltr'><strong>exitio</strong></span> <span class='ocrx_word' id='word_1_71' title='bbox 1242 1745 1326 1796; x_wconf 91' lang='lat' dir='ltr'><strong>cor-</strong></span> 
     </span>
     <span class='ocr_line' id='line_1_13' title="bbox 229 1838 577 1946; baseline -0.006 -32"><span class='ocrx_word' id='word_1_72' title='bbox 229 1838 317 1946; x_wconf 84' lang='lat' dir='ltr'><strong>pori</strong></span> <span class='ocrx_word' id='word_1_73' title='bbox 344 1838 577 1940; x_wconf 80' lang='lat' dir='ltr'><strong>figebantur.</strong></span> 
     </span>
    </p>

    <p class='ocr_par' dir='ltr' id='par_1_3' title="bbox 194 1951 1332 2528">
     <span class='ocr_line' id='line_1_14' title="bbox 332 1951 1329 2051; baseline 0 -21"><span class='ocrx_word' id='word_1_74' title='bbox 332 1955 417 2030; x_wconf 86' lang='lat' dir='ltr'><strong>XX.</strong></span> <span class='ocrx_word' id='word_1_75' title='bbox 468 1951 588 2051; x_wconf 90' lang='lat' dir='ltr'><strong>Quod</strong></span> <span class='ocrx_word' id='word_1_76' title='bbox 613 1953 683 2029; x_wconf 90' lang='lat' dir='ltr'><strong>ubi</strong></span> <span class='ocrx_word' id='word_1_77' title='bbox 709 1951 1014 2030; x_wconf 77' lang='lat' dir='ltr'><strong>animadvertere</strong></span> <span class='ocrx_word' id='word_1_78' title='bbox 1037 1953 1214 2046; x_wconf 89' lang='lat' dir='ltr'><strong>barbari,</strong></span> <span class='ocrx_word' id='word_1_79' title='bbox 1245 1981 1329 2030; x_wconf 91' lang='lat' dir='ltr'><strong>ma-</strong></span> 
     </span>
     <span class='ocr_line' id='line_1_15' title="bbox 231 2071 1328 2179; baseline -0.002 -29"><span class='ocrx_word' id='word_1_80' title='bbox 231 2099 306 2178; x_wconf 78' lang='lat' dir='ltr'><strong>gna</strong></span> <span class='ocrx_word' id='word_1_81' title='bbox 339 2072 378 2146; x_wconf 85' lang='lat' dir='ltr'><strong>vi</strong></span> <span class='ocrx_word' id='word_1_82' title='bbox 413 2071 591 2162; x_wconf 91' lang='lat' dir='ltr'><strong>irruunt,</strong></span> <span class='ocrx_word' id='word_1_83' title='bbox 628 2072 777 2177; x_wconf 88' lang='lat' dir='ltr'><strong>eripere</strong></span> <span class='ocrx_word' id='word_1_84' title='bbox 810 2071 1075 2149; x_wconf 82' lang='lat' dir='ltr'><strong>Alexandrum</strong></span> <span class='ocrx_word' id='word_1_85' title='bbox 1106 2073 1328 2179; x_wconf 79' lang='lat' dir='ltr'><strong>cupientes:</strong></span> 
     </span>
     <span class='ocr_line' id='line_1_16' title="bbox 231 2189 1330 2296; baseline 0.001 -29"><span class='ocrx_word' id='word_1_86' title='bbox 231 2190 442 2294; x_wconf 83' lang='lat' dir='ltr'><strong>multisque</strong></span> <span class='ocrx_word' id='word_1_87' title='bbox 455 2215 616 2266; x_wconf 89' lang='lat' dir='ltr'><strong>suorum</strong></span> <span class='ocrx_word' id='word_1_88' title='bbox 631 2189 841 2267; x_wconf 86' lang='lat' dir='ltr'><strong>interfectis</strong></span> <span class='ocrx_word' id='word_1_89' title='bbox 857 2191 1116 2282; x_wconf 87' lang='lat' dir='ltr'><strong>aPhilocteta‚</strong></span> <span class='ocrx_word' id='word_1_90' title='bbox 1128 2190 1330 2296; x_wconf 76' lang='lat' dir='ltr'><strong>negotium</strong></span> 
     </span>
     <span class='ocr_line' id='line_1_17' title="bbox 233 2306 1330 2412; baseline -0.001 -28"><span class='ocrx_word' id='word_1_91' title='bbox 233 2327 364 2384; x_wconf 87' lang='lat' dir='ltr'><strong>tamen</strong></span> <span class='ocrx_word' id='word_1_92' title='bbox 400 2323 609 2410; x_wconf 80' lang='lat' dir='ltr'><strong>peragunt,</strong></span> <span class='ocrx_word' id='word_1_93' title='bbox 647 2325 765 2409; x_wconf 90' lang='lat' dir='ltr'><strong>atque</strong></span> <span class='ocrx_word' id='word_1_94' title='bbox 801 2306 846 2383; x_wconf 93' lang='lat' dir='ltr'><strong>in</strong></span> <span class='ocrx_word' id='word_1_95' title='bbox 886 2306 1080 2384; x_wconf 84' lang='lat' dir='ltr'><strong>civitatem</strong></span> <span class='ocrx_word' id='word_1_96' title='bbox 1114 2325 1330 2412; x_wconf 80' lang='lat' dir='ltr'><strong>reportant.</strong></span> 
     </span>
     <span class='ocr_line' id='line_1_18' title="bbox 194 2422 1332 2528; baseline -0.004 -24"><span class='ocrx_word' id='word_1_97' title='bbox 194 2495 201 2504; x_wconf 81' lang='grc'><em>.</em></span> <span class='ocrx_word' id='word_1_98' title='bbox 232 2425 336 2498; x_wconf 89' lang='lat' dir='ltr'><strong>Tum</strong></span> <span class='ocrx_word' id='word_1_99' title='bbox 362 2425 456 2499; x_wconf 83' lang='lat' dir='ltr'><strong>Aiax</strong></span> <span class='ocrx_word' id='word_1_100' title='bbox 476 2423 723 2500; x_wconf 79' lang='lat' dir='ltr'><strong>Telamonius</strong></span> <span class='ocrx_word' id='word_1_101' title='bbox 749 2425 943 2501; x_wconf 86' lang='lat' dir='ltr'><strong>insecutus</strong></span> <span class='ocrx_word' id='word_1_102' title='bbox 967 2425 1173 2528; x_wconf 77' lang='lat' dir='ltr'><strong>fugientes,</strong></span> <span class='ocrx_word' id='word_1_103' title='bbox 1199 2422 1248 2499; x_wconf 91' lang='lat' dir='ltr'><strong>ad</strong></span> <span class='ocrx_word' id='word_1_104' title='bbox 1267 2449 1332 2499; x_wconf 86' lang='lat' dir='ltr'><strong>us-</strong></span> 
     </span>
    </p>
   </div>
   <div class='ocr_carea' id='block_1_3' title="bbox 233 2541 1331 2768">
    <p class='ocr_par' dir='ltr' id='par_1_4' title="bbox 233 2541 1331 2768">
     <span class='ocr_line' id='line_1_19' title="bbox 233 2541 1330 2647; baseline 0 -29"><span class='ocrx_word' id='word_1_105' title='bbox 233 2567 313 2645; x_wconf 86' lang='lat' dir='ltr'><strong>que</strong></span> <span class='ocrx_word' id='word_1_106' title='bbox 334 2559 486 2647; x_wconf 87' lang='lat' dir='ltr'><strong>portam</strong></span> <span class='ocrx_word' id='word_1_107' title='bbox 506 2541 664 2646; x_wconf 80' lang='lat' dir='ltr'><strong>peregit.</strong></span> <span class='ocrx_word' id='word_1_108' title='bbox 713 2543 775 2618; x_wconf 90' lang='lat' dir='ltr'><strong>Ibi</strong></span> <span class='ocrx_word' id='word_1_109' title='bbox 796 2569 901 2620; x_wconf 90' lang='lat' dir='ltr'><strong>caesa</strong></span> <span class='ocrx_word' id='word_1_110' title='bbox 921 2543 977 2620; x_wconf 86' lang='lat' dir='ltr'><strong>vis</strong></span> <span class='ocrx_word' id='word_1_111' title='bbox 1000 2545 1124 2620; x_wconf 88' lang='lat' dir='ltr'><strong>multa</strong></span> <span class='ocrx_word' id='word_1_112' title='bbox 1145 2542 1330 2636; x_wconf 88' lang='lat' dir='ltr'><strong>hostium,</strong></span> 
     </span>
     <span class='ocr_line' id='line_1_20' title="bbox 234 2655 1331 2768; baseline 0.004 -36"><span class='ocrx_word' id='word_1_113' title='bbox 234 2681 372 2762; x_wconf 87' lang='lat' dir='ltr'><strong>quum,</strong></span> <span class='ocrx_word' id='word_1_114' title='bbox 398 2655 670 2734; x_wconf 84' lang='lat' dir='ltr'><strong>festinantibus</strong></span> <span class='ocrx_word' id='word_1_115' title='bbox 697 2657 799 2736; x_wconf 86' lang='lat' dir='ltr'><strong>inter</strong></span> <span class='ocrx_word' id='word_1_116' title='bbox 821 2683 870 2745; x_wconf 89' lang='lat' dir='ltr'><strong>se,</strong></span> <span class='ocrx_word' id='word_1_117' title='bbox 895 2677 934 2738; x_wconf 89' lang='lat' dir='ltr'><strong>et</strong></span> <span class='ocrx_word' id='word_1_118' title='bbox 950 2658 1111 2764; x_wconf 83' lang='lat' dir='ltr'><strong>singulis</strong></span> <span class='ocrx_word' id='word_1_119' title='bbox 1127 2659 1232 2737; x_wconf 87' lang='lat' dir='ltr'><strong>inter</strong></span> <span class='ocrx_word' id='word_1_120' title='bbox 1250 2659 1331 2768; x_wconf 88' lang='lat' dir='ltr'><strong>pri·</strong></span> 
     </span>
    </p>
   </div>
   <div class='ocr_carea' id='block_1_4' title="bbox 238 2955 1333 3078">
    <p class='ocr_par' dir='ltr' id='par_1_5' title="bbox 238 2955 1333 3078">
     <span class='ocr_line' id='line_1_21' title="bbox 238 2955 1333 3078; baseline 0.011 -74"><span class='ocrx_word' id='word_1_121' title='bbox 238 2955 451 3078; x_wconf 46' lang='lat' dir='ltr'><strong>G&#39;nssnsrssts‘t&#39;rs&#39;s</strong></span> <span class='ocrx_word' id='word_1_122' title='bbox 467 2955 601 3027; x_wconf 66' lang='lat' dir='ltr'><strong>iussum)</strong></span> <span class='ocrx_word' id='word_1_123' title='bbox 639 2959 718 3012; x_wconf 70' lang='lat' dir='ltr'><strong>aare.</strong></span> <span class='ocrx_word' id='word_1_124' title='bbox 742 2963 772 3010; x_wconf 88' lang='lat' dir='ltr'><strong>et</strong></span> <span class='ocrx_word' id='word_1_125' title='bbox 795 2959 867 3013; x_wconf 86' lang='lat' dir='ltr'><strong>Gsll.</strong></span> <span class='ocrx_word' id='word_1_126' title='bbox 892 2973 955 3032; x_wconf 81' lang='lat' dir='ltr'><strong>opp.</strong></span> <span class='ocrx_word' id='word_1_127' title='bbox 974 2961 1009 3015; x_wconf 81' lang='lat' dir='ltr'><strong>ai</strong></span> <span class='ocrx_word' id='word_1_128' title='bbox 1028 2975 1098 3016; x_wconf 84' lang='lat' dir='ltr'><strong>nost.</strong></span> <span class='ocrx_word' id='word_1_129' title='bbox 1118 2969 1148 3016; x_wconf 86' lang='lat' dir='ltr'><strong>ct</strong></span> <span class='ocrx_word' id='word_1_130' title='bbox 1164 2971 1281 3036; x_wconf 84' lang='lat' dir='ltr'><strong>uterque</strong></span> <span class='ocrx_word' id='word_1_131' title='bbox 1303 2965 1333 3018; x_wconf 86' lang='lat' dir='ltr'><strong>S.</strong></span> 
     </span>
     <span class='ocr_line' id='line_1_22' title="bbox 304 3045 428 3078; baseline 0.008 -5"><span class='ocrx_word' id='word_1_132' title='bbox 304 3061 310 3073; x_wconf 94' lang='lat'><strong>.</strong></span> <span class='ocrx_word' id='word_1_133' title='bbox 355 3045 372 3078; x_wconf 74' lang='lat' dir='ltr'><strong>a</strong></span> <span class='ocrx_word' id='word_1_134' title='bbox 422 3061 428 3072; x_wconf 90' lang='lat'><strong>.</strong></span> 
     </span>
    </p>
   </div>
   <div class='ocr_carea' id='block_1_5' title="bbox 230 3093 1346 4296">
    <p class='ocr_par' dir='ltr' id='par_1_6' title="bbox 230 3093 1336 3360">
     <span class='ocr_line' id='line_1_23' title="bbox 312 3093 1333 3176; baseline 0.012 -30"><span class='ocrx_word' id='word_1_135' title='bbox 312 3095 389 3147; x_wconf 74' lang='lat' dir='ltr'><strong>lianc</strong></span> <span class='ocrx_word' id='word_1_136' title='bbox 407 3093 489 3161; x_wconf 75' lang='lat' dir='ltr'><strong>rte.)</strong></span> <span class='ocrx_word' id='word_1_137' title='bbox 527 3097 567 3146; x_wconf 85' lang='lat' dir='ltr'><strong>lta</strong></span> <span class='ocrx_word' id='word_1_138' title='bbox 591 3095 617 3145; x_wconf 88' lang='lat' dir='ltr'><strong>S.</strong></span> <span class='ocrx_word' id='word_1_139' title='bbox 637 3095 710 3147; x_wconf 83' lang='lat' dir='ltr'><strong>Gali.</strong></span> <span class='ocrx_word' id='word_1_140' title='bbox 727 3109 781 3148; x_wconf 82' lang='lat' dir='ltr'><strong>sec.</strong></span> <span class='ocrx_word' id='word_1_141' title='bbox 800 3097 844 3148; x_wconf 77' lang='lat' dir='ltr'><strong>lt.</strong></span> <span class='ocrx_word' id='word_1_142' title='bbox 867 3105 896 3150; x_wconf 90' lang='lat' dir='ltr'><strong>et</strong></span> <span class='ocrx_word' id='word_1_143' title='bbox 916 3101 1004 3162; x_wconf 75' lang='lat' dir='ltr'><strong>lirin,</strong></span> <span class='ocrx_word' id='word_1_144' title='bbox 1023 3116 1079 3154; x_wconf 89' lang='lat' dir='ltr'><strong>non</strong></span> <span class='ocrx_word' id='word_1_145' title='bbox 1099 3103 1177 3158; x_wconf 68' lang='lat' dir='ltr'><strong>stas.</strong></span> <span class='ocrx_word' id='word_1_146' title='bbox 1205 3106 1333 3176; x_wconf 69' lang='lat' dir='ltr'><strong>soquen-</strong></span> 
     </span>
     <span class='ocr_line' id='line_1_24' title="bbox 230 3163 1333 3240; baseline 0.013 -26"><span class='ocrx_word' id='word_1_147' title='bbox 230 3163 279 3217; x_wconf 74' lang='lat' dir='ltr'><strong>tls</strong></span> <span class='ocrx_word' id='word_1_148' title='bbox 300 3163 371 3216; x_wconf 85' lang='lat' dir='ltr'><strong>olim</strong></span> <span class='ocrx_word' id='word_1_149' title='bbox 390 3165 430 3214; x_wconf 87' lang='lat' dir='ltr'><strong>sic</strong></span> <span class='ocrx_word' id='word_1_150' title='bbox 447 3165 704 3232; x_wconf 71' lang='lat' dir='ltr'><strong>distinguebantur:</strong></span> <span class='ocrx_word' id='word_1_151' title='bbox 733 3185 897 3237; x_wconf 74' lang='lat' dir='ltr'><strong>progressus</strong></span> <span class='ocrx_word' id='word_1_152' title='bbox 921 3170 1084 3239; x_wconf 75' lang='lat' dir='ltr'><strong>adversum,</strong></span> <span class='ocrx_word' id='word_1_153' title='bbox 1110 3179 1333 3240; x_wconf 62' lang='lat' dir='ltr'><strong>disaisiscant,</strong></span> 
     </span>
     <span class='ocr_line' id='line_1_25' title="bbox 239 3233 1336 3320; baseline 0.009 -34"><span class='ocrx_word' id='word_1_154' title='bbox 239 3233 266 3286; x_wconf 85' lang='lat' dir='ltr'><strong>ss&#39;</strong></span> <span class='ocrx_word' id='word_1_155' title='bbox 290 3233 406 3288; x_wconf 71' lang='lat' dir='ltr'><strong>anderu</strong></span> <span class='ocrx_word' id='word_1_156' title='bbox 427 3251 485 3308; x_wconf 66' lang='grc' dir='ltr'><strong>εις.</strong></span> <span class='ocrx_word' id='word_1_157' title='bbox 512 3235 554 3288; x_wconf 82' lang='lat' dir='ltr'><strong>Ed</strong></span> <span class='ocrx_word' id='word_1_158' title='bbox 585 3236 659 3288; x_wconf 82' lang='lat' dir='ltr'><strong>Crat.</strong></span> <span class='ocrx_word' id='word_1_159' title='bbox 679 3251 854 3308; x_wconf 66' lang='lat' dir='ltr'><strong>progressum</strong></span> <span class='ocrx_word' id='word_1_160' title='bbox 880 3241 1086 3309; x_wconf 60' lang='lat' dir='ltr'><strong>Antandrum,</strong></span> <span class='ocrx_word' id='word_1_161' title='bbox 1115 3261 1143 3301; x_wconf 82' lang='lat' dir='ltr'><strong>st</strong></span> <span class='ocrx_word' id='word_1_162' title='bbox 1165 3251 1336 3320; x_wconf 73' lang='lat' dir='ltr'><strong>sagittat-uss</strong></span> 
     </span>
     <span class='ocr_line' id='line_1_26' title="bbox 239 3315 308 3360; baseline -0.087 1"><span class='ocrx_word' id='word_1_163' title='bbox 239 3315 308 3360; x_wconf 65' lang='lat' dir='ltr'><strong>etri.</strong></span> 
     </span>
    </p>

    <p class='ocr_par' dir='ltr' id='par_1_7' title="bbox 240 3371 1337 3584">
     <span class='ocr_line' id='line_1_27' title="bbox 310 3371 1337 3460; baseline 0.004 -34"><span class='ocrx_word' id='word_1_164' title='bbox 310 3371 461 3449; x_wconf 76' lang='lat' dir='ltr'><strong>definirent)</strong></span> <span class='ocrx_word' id='word_1_165' title='bbox 498 3373 523 3424; x_wconf 80' lang='lat' dir='ltr'><strong>S.</strong></span> <span class='ocrx_word' id='word_1_166' title='bbox 544 3373 614 3426; x_wconf 81' lang='lat' dir='ltr'><strong>Gall.</strong></span> <span class='ocrx_word' id='word_1_167' title='bbox 633 3391 713 3444; x_wconf 60' lang='lat' dir='ltr'><strong>opp„</strong></span> <span class='ocrx_word' id='word_1_168' title='bbox 742 3375 790 3428; x_wconf 81' lang='lat' dir='ltr'><strong>Ed.</strong></span> <span class='ocrx_word' id='word_1_169' title='bbox 816 3379 903 3432; x_wconf 75' lang='lat' dir='ltr'><strong>Ptine.</strong></span> <span class='ocrx_word' id='word_1_170' title='bbox 929 3389 958 3433; x_wconf 78' lang='lat' dir='ltr'><strong>ct</strong></span> <span class='ocrx_word' id='word_1_171' title='bbox 974 3381 1040 3434; x_wconf 78' lang='lat' dir='ltr'><strong>Obr.</strong></span> <span class='ocrx_word' id='word_1_172' title='bbox 1059 3381 1216 3460; x_wconf 56' lang='lat' dir='ltr'><strong>ciminium.</strong></span> <span class='ocrx_word' id='word_1_173' title='bbox 1252 3387 1337 3440; x_wconf 76' lang='lat' dir='ltr'><strong>Pne-</strong></span> 
     </span>
     <span class='ocr_line' id='line_1_28' title="bbox 241 3441 1337 3528; baseline 0.006 -30"><span class='ocrx_word' id='word_1_174' title='bbox 241 3441 332 3498; x_wconf 78' lang='lat' dir='ltr'><strong>tulere</strong></span> <span class='ocrx_word' id='word_1_175' title='bbox 350 3444 469 3520; x_wconf 80' lang='lat' dir='ltr'><strong>definire</strong></span> <span class='ocrx_word' id='word_1_176' title='bbox 487 3446 539 3496; x_wconf 80' lang='lat' dir='ltr'><strong>viri</strong></span> <span class='ocrx_word' id='word_1_177' title='bbox 559 3445 632 3496; x_wconf 85' lang='lat' dir='ltr'><strong>docti</strong></span> <span class='ocrx_word' id='word_1_178' title='bbox 654 3448 734 3498; x_wconf 85' lang='lat' dir='ltr'><strong>ctiam</strong></span> <span class='ocrx_word' id='word_1_179' title='bbox 754 3450 833 3517; x_wconf 74' lang='lat' dir='ltr'><strong>April.</strong></span> <span class='ocrx_word' id='word_1_180' title='bbox 854 3451 888 3501; x_wconf 90' lang='lat' dir='ltr'><strong>dc</strong></span> <span class='ocrx_word' id='word_1_181' title='bbox 906 3451 1003 3521; x_wconf 78' lang='lat' dir='ltr'><strong>Dogm.</strong></span> <span class='ocrx_word' id='word_1_182' title='bbox 1022 3455 1091 3508; x_wconf 70' lang='lat' dir='ltr'><strong>etat.</strong></span> <span class='ocrx_word' id='word_1_183' title='bbox 1112 3471 1138 3524; x_wconf 82' lang='lat' dir='ltr'><strong>p.</strong></span> <span class='ocrx_word' id='word_1_184' title='bbox 1152 3461 1214 3522; x_wconf 75' lang='lat'><strong>231,</strong></span> <span class='ocrx_word' id='word_1_185' title='bbox 1231 3457 1337 3528; x_wconf 67' lang='lat' dir='ltr'><strong>Hygia.</strong></span> 
     </span>
     <span class='ocr_line' id='line_1_29' title="bbox 240 3517 1135 3584; baseline 0.008 -16"><span class='ocrx_word' id='word_1_186' title='bbox 240 3517 433 3576; x_wconf 74' lang='lat' dir='ltr'><strong>Astson.1.6‚</strong></span> <span class='ocrx_word' id='word_1_187' title='bbox 457 3517 575 3584; x_wconf 81' lang='lat' dir='ltr'><strong>aliisquo</strong></span> <span class='ocrx_word' id='word_1_188' title='bbox 595 3517 676 3578; x_wconf 85' lang='lat' dir='ltr'><strong>locis,</strong></span> <span class='ocrx_word' id='word_1_189' title='bbox 696 3517 743 3570; x_wconf 82' lang='lat' dir='ltr'><strong>ubi</strong></span> <span class='ocrx_word' id='word_1_190' title='bbox 763 3519 859 3572; x_wconf 79' lang='lat' dir='ltr'><strong>eadem</strong></span> <span class='ocrx_word' id='word_1_191' title='bbox 878 3524 993 3575; x_wconf 80' lang='lat' dir='ltr'><strong>varietas</strong></span> <span class='ocrx_word' id='word_1_192' title='bbox 1018 3525 1135 3579; x_wconf 78' lang='lat' dir='ltr'><strong>obtinet</strong></span> 
     </span>
    </p>

    <p class='ocr_par' dir='ltr' id='par_1_8' title="bbox 242 3587 1342 3869">
     <span class='ocr_line' id='line_1_30' title="bbox 312 3587 1341 3656; baseline 0.006 -10"><span class='ocrx_word' id='word_1_193' title='bbox 312 3587 640 3656; x_wconf 59' lang='lat' dir='ltr'><strong>testimomonium)</strong></span> <span class='ocrx_word' id='word_1_194' title='bbox 677 3588 749 3639; x_wconf 68' lang='lat' dir='ltr'><strong>Cret.</strong></span> <span class='ocrx_word' id='word_1_195' title='bbox 777 3607 829 3642; x_wconf 80' lang='lat' dir='ltr'><strong>oni.</strong></span> <span class='ocrx_word' id='word_1_196' title='bbox 854 3608 1023 3648; x_wconf 82' lang='lat' dir='ltr'><strong>consecutus.</strong></span> <span class='ocrx_word' id='word_1_197' title='bbox 1062 3595 1185 3652; x_wconf 82' lang='lat' dir='ltr'><strong>insolens</strong></span> <span class='ocrx_word' id='word_1_198' title='bbox 1203 3595 1341 3652; x_wconf 77' lang='lat' dir='ltr'><strong>videlicet</strong></span> 
     </span>
     <span class='ocr_line' id='line_1_31' title="bbox 242 3653 1339 3738; baseline 0.011 -28"><span class='ocrx_word' id='word_1_199' title='bbox 242 3653 407 3710; x_wconf 75' lang='lat' dir='ltr'><strong>scholiastae</strong></span> <span class='ocrx_word' id='word_1_200' title='bbox 428 3657 486 3708; x_wconf 80' lang='lat' dir='ltr'><strong>visa</strong></span> <span class='ocrx_word' id='word_1_201' title='bbox 513 3665 555 3709; x_wconf 88' lang='lat' dir='ltr'><strong>cst</strong></span> <span class='ocrx_word' id='word_1_202' title='bbox 577 3655 679 3708; x_wconf 86' lang='lat' dir='ltr'><strong>locutio</strong></span> <span class='ocrx_word' id='word_1_203' title='bbox 700 3659 818 3716; x_wconf 82' lang='lat' dir='ltr'><strong>vulnere</strong></span> <span class='ocrx_word' id='word_1_204' title='bbox 842 3663 967 3736; x_wconf 78' lang='lat' dir='ltr'><strong>aliquem</strong></span> <span class='ocrx_word' id='word_1_205' title='bbox 995 3671 1144 3738; x_wconf 78' lang='lat' dir='ltr'><strong>consequi,</strong></span> <span class='ocrx_word' id='word_1_206' title='bbox 1173 3665 1209 3720; x_wconf 89' lang='lat' dir='ltr'><strong>dc</strong></span> <span class='ocrx_word' id='word_1_207' title='bbox 1256 3685 1289 3720; x_wconf 82' lang='lat' dir='ltr'><strong>na</strong></span> <span class='ocrx_word' id='word_1_208' title='bbox 1309 3686 1339 3730; x_wconf 81' lang='lat' dir='ltr'><strong>s.</strong></span> 
     </span>
     <span class='ocr_line' id='line_1_32' title="bbox 243 3684 1342 3809; baseline 0.01 -30"><span class='ocrx_word' id='word_1_209' title='bbox 243 3725 333 3781; x_wconf 82' lang='lat' dir='ltr'><strong>Gloss.</strong></span> <span class='ocrx_word' id='word_1_210' title='bbox 354 3755 384 3770; x_wconf 88' lang='lat'>-</span> <span class='ocrx_word' id='word_1_211' title='bbox 404 3727 452 3780; x_wconf 84' lang='lat' dir='ltr'><strong>Ed.</strong></span> <span class='ocrx_word' id='word_1_212' title='bbox 472 3727 537 3779; x_wconf 84' lang='lat' dir='ltr'><strong>Obr.</strong></span> <span class='ocrx_word' id='word_1_213' title='bbox 556 3742 609 3778; x_wconf 85' lang='lat' dir='ltr'><strong>cm.</strong></span> <span class='ocrx_word' id='word_1_214' title='bbox 629 3743 747 3800; x_wconf 82' lang='lat' dir='ltr'><strong>sequens</strong></span> <span class='ocrx_word' id='word_1_215' title='bbox 762 3729 808 3784; x_wconf 80' lang='lat' dir='ltr'><strong>acl.</strong></span> <span class='ocrx_word' id='word_1_216' title='bbox 845 3733 918 3786; x_wconf 84' lang='lat' dir='ltr'><strong>lnfss</strong></span> <span class='ocrx_word' id='word_1_217' title='bbox 940 3749 990 3805; x_wconf 82' lang='lat' dir='ltr'><strong>pro</strong></span> <span class='ocrx_word' id='word_1_218' title='bbox 1009 3741 1122 3809; x_wconf 66' lang='lat' dir='ltr'><strong>corpori</strong></span> <span class='ocrx_word' id='word_1_219' title='bbox 1143 3737 1170 3792; x_wconf 75' lang='lat' dir='ltr'><strong>S.</strong></span> <span class='ocrx_word' id='word_1_220' title='bbox 1192 3684 1265 3791; x_wconf 82' lang='lat' dir='ltr'><strong>Gall.</strong></span> <span class='ocrx_word' id='word_1_221' title='bbox 1283 3756 1342 3792; x_wconf 82' lang='lat' dir='ltr'><strong>see.</strong></span> 
     </span>
     <span class='ocr_line' id='line_1_33' title="bbox 243 3797 664 3869; baseline 0.007 -19"><span class='ocrx_word' id='word_1_222' title='bbox 243 3797 288 3850; x_wconf 63' lang='lat' dir='ltr'><strong>lx</strong></span> <span class='ocrx_word' id='word_1_223' title='bbox 309 3805 338 3850; x_wconf 87' lang='lat' dir='ltr'><strong>et</strong></span> <span class='ocrx_word' id='word_1_224' title='bbox 356 3797 406 3850; x_wconf 81' lang='lat' dir='ltr'><strong>Ed.</strong></span> <span class='ocrx_word' id='word_1_225' title='bbox 425 3798 509 3850; x_wconf 82' lang='lat' dir='ltr'><strong>Prisc.</strong></span> <span class='ocrx_word' id='word_1_226' title='bbox 529 3799 664 3869; x_wconf 83' lang='lat' dir='ltr'><strong>corporis.</strong></span> 
     </span>
    </p>

    <p class='ocr_par' dir='ltr' id='par_1_9' title="bbox 242 3867 1343 4082">
     <span class='ocr_line' id='line_1_34' title="bbox 312 3867 1337 3941; baseline 0.014 -21"><span class='ocrx_word' id='word_1_227' title='bbox 312 3867 368 3922; x_wconf 78' lang='lat' dir='ltr'><strong>xx.</strong></span> <span class='ocrx_word' id='word_1_228' title='bbox 406 3867 472 3922; x_wconf 79' lang='lat' dir='ltr'><strong>Tum</strong></span> <span class='ocrx_word' id='word_1_229' title='bbox 490 3870 574 3936; x_wconf 74' lang='lat' dir='ltr'><strong>Atax)</strong></span> <span class='ocrx_word' id='word_1_230' title='bbox 610 3871 652 3920; x_wconf 83' lang='lat' dir='ltr'><strong>lta</strong></span> <span class='ocrx_word' id='word_1_231' title='bbox 670 3869 695 3922; x_wconf 89' lang='lat' dir='ltr'><strong>S.</strong></span> <span class='ocrx_word' id='word_1_232' title='bbox 716 3868 786 3922; x_wconf 80' lang='lat' dir='ltr'><strong>Gall.</strong></span> <span class='ocrx_word' id='word_1_233' title='bbox 805 3885 858 3924; x_wconf 85' lang='lat' dir='ltr'><strong>sac.</strong></span> <span class='ocrx_word' id='word_1_234' title='bbox 878 3875 921 3926; x_wconf 80' lang='lat' dir='ltr'><strong>lx.</strong></span> <span class='ocrx_word' id='word_1_235' title='bbox 949 3875 1044 3934; x_wconf 76' lang='lat' dir='ltr'><strong>ctEd.</strong></span> <span class='ocrx_word' id='word_1_236' title='bbox 1065 3879 1162 3941; x_wconf 74' lang='lat' dir='ltr'><strong>Ptine,</strong></span> <span class='ocrx_word' id='word_1_237' title='bbox 1182 3893 1239 3932; x_wconf 87' lang='lat' dir='ltr'><strong>non</strong></span> <span class='ocrx_word' id='word_1_238' title='bbox 1259 3893 1337 3934; x_wconf 82' lang='lat' dir='ltr'><strong>suns·</strong></span> 
     </span>
     <span class='ocr_line' id='line_1_35' title="bbox 242 3937 1343 4022; baseline 0.005 -31"><span class='ocrx_word' id='word_1_239' title='bbox 242 3955 304 4014; x_wconf 75' lang='lat' dir='ltr'><strong>qus.</strong></span> <span class='ocrx_word' id='word_1_240' title='bbox 339 3939 425 3992; x_wconf 84' lang='lat' dir='ltr'><strong>Psulo</strong></span> <span class='ocrx_word' id='word_1_241' title='bbox 444 3941 516 3991; x_wconf 85' lang='lat' dir='ltr'><strong>infra</strong></span> <span class='ocrx_word' id='word_1_242' title='bbox 537 3939 611 3992; x_wconf 85' lang='lat' dir='ltr'><strong>idem</strong></span> <span class='ocrx_word' id='word_1_243' title='bbox 630 3937 656 3990; x_wconf 90' lang='lat' dir='ltr'><strong>S&#39;.</strong></span> <span class='ocrx_word' id='word_1_244' title='bbox 677 3939 747 3992; x_wconf 85' lang='lat' dir='ltr'><strong>Gall.</strong></span> <span class='ocrx_word' id='word_1_245' title='bbox 768 3949 797 3995; x_wconf 85' lang='lat' dir='ltr'><strong>et</strong></span> <span class='ocrx_word' id='word_1_246' title='bbox 815 3943 863 3996; x_wconf 80' lang='lat' dir='ltr'><strong>Ed.</strong></span> <span class='ocrx_word' id='word_1_247' title='bbox 885 3945 952 4000; x_wconf 86' lang='lat' dir='ltr'><strong>obs.</strong></span> <span class='ocrx_word' id='word_1_248' title='bbox 971 3955 1045 4000; x_wconf 85' lang='lat' dir='ltr'><strong>tacte</strong></span> <span class='ocrx_word' id='word_1_249' title='bbox 1063 3950 1172 4022; x_wconf 74' lang='lat' dir='ltr'><strong>peregit</strong></span> <span class='ocrx_word' id='word_1_250' title='bbox 1188 3947 1207 4000; x_wconf 83' lang='lat' dir='ltr'><strong>i.</strong></span> <span class='ocrx_word' id='word_1_251' title='bbox 1227 3965 1251 4002; x_wconf 81' lang='lat' dir='ltr'><strong>e.</strong></span> <span class='ocrx_word' id='word_1_252' title='bbox 1272 3965 1343 4002; x_wconf 72' lang='lat' dir='ltr'><strong>coe.</strong></span> 
     </span>
     <span class='ocr_line' id='line_1_36' title="bbox 242 4011 697 4082; baseline -0.007 -18"><span class='ocrx_word' id='word_1_253' title='bbox 242 4013 299 4082; x_wconf 67' lang='lat' dir='ltr'><strong>git.</strong></span> <span class='ocrx_word' id='word_1_254' title='bbox 317 4011 434 4080; x_wconf 83' lang='lat' dir='ltr'><strong>pepulit.</strong></span> <span class='ocrx_word' id='word_1_255' title='bbox 470 4011 501 4062; x_wconf 90' lang='lat' dir='ltr'><strong>ln</strong></span> <span class='ocrx_word' id='word_1_256' title='bbox 519 4017 581 4063; x_wconf 82' lang='lat' dir='ltr'><strong>cett.</strong></span> <span class='ocrx_word' id='word_1_257' title='bbox 597 4011 697 4081; x_wconf 72' lang='lat' dir='ltr'><strong>pergit.</strong></span> 
     </span>
    </p>

    <p class='ocr_par' dir='ltr' id='par_1_10' title="bbox 241 4079 1346 4296">
     <span class='ocr_line' id='line_1_37' title="bbox 304 4079 1345 4166; baseline 0.007 -32"><span class='ocrx_word' id='word_1_258' title='bbox 304 4080 520 4166; x_wconf 59' lang='lat' dir='ltr'><strong>patrantibus)</strong></span> <span class='ocrx_word' id='word_1_259' title='bbox 558 4081 677 4149; x_wconf 78' lang='lat' dir='ltr'><strong>Cossigit</strong></span> <span class='ocrx_word' id='word_1_260' title='bbox 702 4079 851 4152; x_wconf 75' lang='lat' dir='ltr'><strong>Wopkens.</strong></span> <span class='ocrx_word' id='word_1_261' title='bbox 872 4102 899 4156; x_wconf 87' lang='lat' dir='ltr'><strong>p.</strong></span> <span class='ocrx_word' id='word_1_262' title='bbox 918 4091 960 4143; x_wconf 79' lang='lat'><strong>80.</strong></span> <span class='ocrx_word' id='word_1_263' title='bbox 979 4087 1171 4156; x_wconf 37' lang='lat' dir='ltr'><strong>,festinantem</strong></span> <span class='ocrx_word' id='word_1_264' title='bbox 1196 4089 1345 4142; x_wconf 75' lang='lat' dir='ltr'><strong>offendens</strong></span> 
     </span>
     <span class='ocr_line' id='line_1_38' title="bbox 241 4151 1346 4230; baseline 0.006 -27"><span class='ocrx_word' id='word_1_265' title='bbox 241 4152 274 4206; x_wconf 84' lang='lat' dir='ltr'><strong>in</strong></span> <span class='ocrx_word' id='word_1_266' title='bbox 291 4151 422 4204; x_wconf 80' lang='lat' dir='ltr'><strong>liberiore</strong></span> <span class='ocrx_word' id='word_1_267' title='bbox 441 4151 533 4202; x_wconf 79' lang='lat' dir='ltr'><strong>Ablat.</strong></span> <span class='ocrx_word' id='word_1_268' title='bbox 551 4151 637 4202; x_wconf 88' lang='lat' dir='ltr'><strong>absol.</strong></span> <span class='ocrx_word' id='word_1_269' title='bbox 674 4151 780 4207; x_wconf 87' lang='lat' dir='ltr'><strong>Contra</strong></span> <span class='ocrx_word' id='word_1_270' title='bbox 799 4171 862 4208; x_wconf 85' lang='lat' dir='ltr'><strong>cum</strong></span> <span class='ocrx_word' id='word_1_271' title='bbox 887 4173 912 4208; x_wconf 81' lang='lat' dir='ltr'><strong>s.</strong></span> <span class='ocrx_word' id='word_1_272' title='bbox 931 4157 1058 4218; x_wconf 80' lang='lat' dir='ltr'><strong>Oudend.</strong></span> <span class='ocrx_word' id='word_1_273' title='bbox 1077 4161 1113 4216; x_wconf 88' lang='lat' dir='ltr'><strong>sd</strong></span> <span class='ocrx_word' id='word_1_274' title='bbox 1132 4157 1212 4230; x_wconf 74' lang='lat' dir='ltr'><strong>Apol.</strong></span> <span class='ocrx_word' id='word_1_275' title='bbox 1230 4159 1299 4214; x_wconf 78' lang='lat' dir='ltr'><strong>stet</strong></span> <span class='ocrx_word' id='word_1_276' title='bbox 1311 4159 1346 4214; x_wconf 86' lang='grc' dir='ltr'><strong>Χ.</strong></span> 
     </span>
     <span class='ocr_line' id='line_1_39' title="bbox 242 4221 700 4296; baseline -0.009 -22"><span class='ocrx_word' id='word_1_277' title='bbox 242 4237 270 4296; x_wconf 80' lang='lat' dir='ltr'><strong>p.</strong></span> <span class='ocrx_word' id='word_1_278' title='bbox 288 4225 350 4292; x_wconf 77' lang='lat'><strong>⁶99·</strong></span> <span class='ocrx_word' id='word_1_279' title='bbox 371 4229 400 4276; x_wconf 88' lang='lat' dir='ltr'><strong>st</strong></span> <span class='ocrx_word' id='word_1_280' title='bbox 418 4237 468 4278; x_wconf 85' lang='lat' dir='ltr'><strong>nos</strong></span> <span class='ocrx_word' id='word_1_281' title='bbox 485 4221 521 4276; x_wconf 87' lang='lat' dir='ltr'><strong>sd</strong></span> <span class='ocrx_word' id='word_1_282' title='bbox 538 4221 589 4278; x_wconf 86' lang='lat' dir='ltr'><strong>lib.</strong></span> <span class='ocrx_word' id='word_1_283' title='bbox 607 4223 641 4274; x_wconf 88' lang='lat' dir='ltr'><strong>ll.</strong></span> <span class='ocrx_word' id='word_1_284' title='bbox 662 4239 700 4277; x_wconf 83' lang='lat' dir='ltr'><strong>ss.</strong></span> 
     </span>
    </p>
   </div>
   <div class='ocr_carea' id='block_1_6' title="bbox 0 0 1456 4688">
    <p class='ocr_par' dir='ltr' id='par_1_11' title="bbox 0 0 1456 4688">
     <span class='ocr_line' id='line_1_40' title="bbox 0 0 1456 4688; baseline 0 0"><span class='ocrx_word' id='word_1_285' title='bbox 0 0 1456 4688; x_wconf 95' lang='lat' dir='ltr'><strong> </strong></span> 
     </span>
    </p>
   </div>
  </div>
 </body>
</html>
