2762 4684
161 297 205 363 18
547 299 709 360 utum
725 298 883 358 reaten

164 483 232 550 cles.
281 480 381 550 Multa
398 481 646 550 infiemmtttta
659 482 743 550 osso
757 482 970 550 domenatur.
1023 481 1274 550 nanuum

163 586 320 656 xendrum
340 589 486 675 persequi
508 591 627 678 coepit:
647 609 740 676 quem
757 589 944 677 respiciens,
965 586 1142 652 Alexander
1158 589 1273 670 sagitte

164 693 303 760 Menelai
317 693 419 756 femur
434 693 599 776 transfigit.
648 691 705 758 Die
726 690 835 757 dolore
854 703 1044 772 commotus,
1066 693 1184 780 puriter
1202 714 1272 756 eum

166 798 259 863 Aiece
274 798 376 861 Locro
399 817 464 860 non
481 809 583 863 cessat
603 817 676 861 mnu
696 797 854 884 persequi.
904 793 995 876 Quos
1013 794 1145 860 atridit
1157 797 1274 860 Hector

166 903 318 966 instantes
333 902 460 964 tranem
476 921 568 966 sumn
580 901 734 988 persequi,
754 900 913 988 suppetias
926 901 957 963 ei
968 899 1056 964 venit
1069 921 1143 963 cum
1153 899 1272 964 Aenea:

167 1026 261 1091 quem
273 1005 394 1068 Aeneas
407 1006 516 1092 clypeo
530 1004 676 1093 protexit,
702 1016 735 1068 et
746 1025 853 1068 secum
866 1001 906 1066 de
920 1003 1039 1091 proelio
1057 1001 1099 1066 sd
1111 1003 1270 1068 cirinen

166 1107 309 1172 addimit.
345 1107 421 1172 Nox
429 1107 583 1196 proelium
596 1107 724 1172 dirimit.
751 1108 884 1172 Achilles
898 1105 1136 1172 caniomede
1149 1119 1269 1194 postera

168 1210 221 1277 die
241 1211 411 1276 exennium
432 1210 544 1276 educit.
593 1209 709 1277 Contra
723 1211 839 1276 Hector
856 1221 888 1274 et
908 1212 1040 1276 Aeneas.
1089 1211 1146 1276 Fit
1160 1231 1269 1293 magne

167 1315 290 1380 caedes.
325 1316 441 1380 Hector
455 1315 708 1396 [Oreomeneum]
726 1315 908 1394 Iaimenrun,
922 1313 1160 1402 Epistrophum,
1177 1315 1268 1380 sens
1359 1305 1360 1318 ³

166 1417 270 1500 dium,
294 1417 538 1507 Elephenorem‚
563 1417 705 1498 Dionem,
729 1419 935 1500 Polyxenam,
962 1417 1056 1484 duces
1069 1419 1269 1496 fortissimos,

166 1523 293 1588 occidit:
309 1523 430 1588 Aeneas
442 1523 702 1610 Amphimachum
713 1533 744 1586 et
753 1521 900 1588 Nireum:
921 1522 1053 1586 Achilles
1062 1521 1269 1610 Euphemnm,

164 1627 400 1714 Hippothoum,
424 1627 592 1710 Pylaeum,
624 1628 864 1714 Asteropaeum:
895 1623 1071 1690 Diomedes
1089 1627 1267 1714 Antiphrnn,
1359 1655 1360 1696 ι

164 1729 344 1794 Mesthlem.
375 1731 589 1812 Agamemnon
603 1740 637 1792 ut
648 1729 729 1796 vidit
748 1729 938 1794 tornsstmos
952 1727 1113 1809 cecidisse,
1135 1749 1271 1817 pugnum

163 1833 334 1899 revocavit.
370 1833 501 1899 Troiani
516 1835 591 1898 laeti
603 1835 637 1898 iu
652 1831 804 1922 oppidum
815 1844 1018 1902 revertuntur.
1055 1834 1271 1914 Agamemnon

163 1936 313 2002 sollicitus
333 1934 427 2002 duces
447 1938 482 2001 in
504 1939 670 2002 concilium
696 1949 865 2002 convocet:
897 1937 1052 2017 hortatur,
1081 1949 1119 2000 ιιι
1142 1938 1273 2002 viriiiter

161 2050 342 2129 pugnasset,
367 2061 469 2127 neque
482 2037 682 2120 desisterent,
709 2042 858 2126 quoniam
873 2041 976 2104 maior
988 2061 1064 2128 pars
1075 2061 1118 2104 ex
1130 2041 1201 2106 suis
1217 2061 1271 2106 su-

161 2156 269 2232 perata
289 2143 346 2208 sit:
372 2164 496 2234 sperare
520 2165 571 2229 se,
598 2145 769 2210 exercitum
788 2165 831 2208 ex
850 2142 973 2209 Moesia
999 2141 1134 2230 qumidie
1155 2162 1275 2231 ψι-

160 2259 337 2319 venturum.

596 2419 691 2486 Cer.
721 2418 834 2488 XXII·

263 2556 393 2624 Postera
407 2555 459 2622 dre
472 2557 686 2640 Agamemnon
699 2569 801 2622 totum
814 2555 985 2622 exercrtrnn
999 2565 1031 2620 et
1048 2552 1266 2620 omnesduees

159 2663 194 2727 in
210 2682 348 2749 pugnam
361 2659 487 2751 prodire
502 2663 615 2744 coegit.
644 2660 760 2728 Contra
774 2661 915 2726 Troiani.
943 2659 995 2723 Fit
1014 2679 1131 2740 magns
1147 2656 1265 2736 caedes,

161 2767 273 2830 acriter
297 2767 440 2852 utrunque
452 2777 619 2854 pugnatur
645 2767 743 2830 muita
764 2765 864 2830 millia
886 2765 960 2828 hinc
983 2775 1015 2826 et
1038 2759 1116 2826 inde
1138 2759 1266 2826 cadunt:

159 2891 218 2934 nee
232 2867 432 2934 differebatur
450 2889 569 2957 pugne,
594 2870 640 2933 ite
659 2882 695 2933 ut
710 2869 863 2934 mntinuis
886 2868 1061 2949 octuaginta
1081 2863 1196 2930 diebus
1210 2887 1269 2953 pu-

159 2985 289 3055 gnatum
302 2975 353 3040 sit.
403 2973 618 3054 Agamemnon
629 2985 664 3038 ut
675 2971 756 3037 vidit
776 2974 872 3036 mults
883 2971 984 3036 miliia
995 2967 1136 3058 quotidie
1146 2967 1269 3046 cadere,

160 3097 218 3139 nec
234 3077 377 3140 sufficere
389 3089 530 3141 mortuos
541 3078 610 3141 sine
623 3077 857 3141 intermissione
869 3077 1023 3154 funerari,
1047 3073 1133 3138 misit
1144 3073 1269 3154 legatos

160 3179 290 3244 Ulixem
311 3191 344 3243 et
357 3178 548 3244 Diomedem
569 3178 610 3243 ad
625 3181 800 3260 Priamum,
826 3191 862 3243 ut
881 3176 1053 3243 indndas
1041 3201 1077 3242 m
1097 3176 1268 3240 triennium
1359 3147 1360 3228 i

159 3291 314 3370 peterent,
340 3295 377 3346 ut
388 3303 463 3348 suos
474 3287 616 3348 iunerure
627 3297 752 3372 posset,
776 3295 810 3348 et
824 3263 1002 3350 vutnmstos
1020 3301 1144 3362 cruere,
1166 3291 1267 3344 etnu-

159 3405 219 3452 ves
231 3387 368 3467 reicere,
389 3399 421 3454 et
435 3389 605 3452 exercitum
619 3407 779 3476 reparare,
806 3398 1060 3472 commeatusque
1076 3402 1264 3472 comperue-
1359 3395 1360 3438 ἒ

160 3489 272 3556 Diixes
288 3503 322 3555 et
333 3489 506 3556 Diomedes
524 3502 618 3555 noctu
631 3491 727 3574 legati
742 3489 783 3555 ud
794 3490 955 3558 Priamum
967 3488 1101 3560 vadum
1150 3486 1266 3554 Oum-
1359 3473 1360 3503 ¹

160 3594 203 3657 rit
215 3595 277 3659 iilis
295 3594 400 3661 Dolon
421 3617 464 3660 ex
482 3595 639 3660 Duisnis.
688 3593 755 3677 Qui
774 3615 870 3682 qutun
887 3595 1167 3677 interrogarentur,
1190 3587 1268 3676 quid
1359 3629 1360 3678 t

159 3694 206 3760 ite
220 3699 334 3764 armati
349 3711 444 3763 noctu
462 3697 505 3763 ad
526 3697 678 3788 oppidum
689 3699 866 3781 venissent,
889 3696 1043 3780 dixerum
1068 3717 1106 3762 se
1124 3697 1167 3760 uh
1186 3695 1269 3776 Aga-

159 3819 329 3866 memnone
340 3803 460 3884 legatos
475 3801 517 3867 ad
529 3802 690 3869 Primnum
703 3804 832 3870 missos.
883 3800 976 3885 Quos
993 3813 1028 3866 ut
1044 3800 1192 3866 mamas
1209 3819 1269 3862 un-

159 3899 242 3968 divit
266 3904 408 3986 venisse,
442 3917 474 3970 et
496 3905 688 3972 desiderium
707 3927 800 3973 suum
820 3907 1024 3994 exposuisse,
1049 3905 1084 3970 in
1102 3903 1269 3970 consilium

157 4025 270 4071 omnes
284 4006 378 4073 duces
392 4023 563 4074 convocet:
588 4011 699 4097 quibus
719 4013 828 4091 refert,
854 4011 973 4092 legatos
986 4009 1115 4074 venisse
1130 4009 1172 4072 ah
1185 4007 1268 4088 Age-
1359 3999 1360 4048 i

155 4127 335 4190 nemone,
354 4109 764 4180 etindnciasintriennium
776 4125 893 4202 petere.
945 4112 1076 4179 Hectori
1088 4121 1269 4198 suspectum
1359 4169 1360 4176 ι

155 4207 297 4294 vidente,
322 4213 407 4301 quod
425 4225 492 4283 nm
504 4219 633 4300 lengum
646 4229 771 4309 tempus
782 4219 1005 4307 postulassent.
1055 4215 1202 4282 Priamus
1215 4211 1265 4278 di·
1359 4203 1360 4271 ἐ
