2766 4690
229 350 306 427 478
523 371 792 426 oesnuvrrroras
820 371 858 421 ru
884 371 946 420 nra.
975 375 1004 420 v.

231 559 351 625 Heleno
363 559 466 624 sutura
474 581 544 624 corn
555 563 758 646 cognovisset,
771 561 921 626 Sicaniam
934 561 1005 624 inde
1017 560 1154 645 navigat·
1169 581 1205 624 v.
1231 563 1326 630 Oeid.

233 664 310 725 Met.
324 662 498 748 x111.7n;
518 663 647 746 Dionys.
658 663 727 725 Hal.
744 664 772 724 1.
787 683 818 746 p.
831 663 880 743 io.
893 663 977 747 Syib.
999 662 1173 747 Appuirorn
1196 665 1243 726 ad
1254 663 1326 724 Cor-

236 783 341 845 cyram
363 771 483 826 veteres
503 765 647 845 ignorant
665 783 783 824 omnes.
817 763 910 825 Certe
929 763 1048 824 nullum
1070 763 1221 846 equidem
1244 767 1325 848 pctoi

236 863 379 927 invenire
389 863 607 941 testimonium,
618 863 798 946 nullumque
810 863 911 926 attulit
923 863 1067 948 Heynins,
1078 866 1132 947 qni
1144 864 1186 926 de
1199 867 1326 927 Aeneae

238 965 396 1026 erroribus
415 964 528 1048 prolixe
547 967 610 1046 agit
630 964 669 1025 ad
684 964 793 1048 Virgil.
814 965 893 1026 Aen.
917 965 971 1024 111.
992 965 1065 1026 Exc.
1087 967 1110 1031 l.
1134 987 1167 1046 p.
1179 964 1250 1029 560
1263 983 1325 1046 sqq.

237 1063 331 1128 Forte
351 1064 492 1147 intelligit
512 1065 619 1147 Dictys
644 1064 832 1148 Corcyram,
854 1085 932 1146 quae
955 1065 1051 1146 Epiro
1073 1067 1220 1147 proxima
1241 1067 1326 1146 eiqne

239 1165 374 1252 opposita
402 1175 467 1244 est,
503 1164 693 1226 confundens
725 1163 804 1226 hanc
826 1164 957 1227 insulem
977 1186 1047 1226 cum
1068 1165 1165 1226 altere
1188 1165 1325 1226 simon

242 1265 385 1343 nominis,
398 1285 489 1346 quam
502 1265 625 1348 quidem
646 1265 852 1337 ponfiuionenr
873 1267 966 1327 etiam
986 1268 1018 1326 in
1038 1263 1103 1326 aliis
1121 1263 1325 1346 scriptoribus

239 1363 465 1447 reprehendere
494 1366 554 1426 viri
576 1365 669 1435 docti,
704 1385 736 1426 v.
761 1367 871 1427 Kanne
890 1365 931 1427 od
951 1365 1067 1426 Conon.
1087 1363 1218 1430 Nan-at.
1245 1364 1324 1444 ep

243 1485 279 1548 7¹
302 1475 332 1526 et
352 1465 404 1548 75.
456 1463 554 1529 Erant
584 1464 651 1531 scil.
684 1464 763 1528 dnae
791 1463 981 1546 Κόρκυραι,
1012 1463 1057 1525 ait
1075 1461 1266 1524 Eustathins
1290 1463 1324 1522 ad

242 1565 371 1648 Dionys.
394 1565 514 1647 Perieg.
540 1585 570 1646 p.
591 1585 639 1648 po.
660 1563 767 1647 Steph.
802 1553 877 1643 ἥτε
899 1557 1051 1642 uacare,
1071 1557 1149 1644 πρὸς
1168 1563 1217 1647 τῷ
1237 1558 1324 1645 You'p
1369 1551 1370 1592 ¹

244 1657 363 1748 κόλπῳ,
386 1659 407 1746 ἦ
427 1657 482 1724 καὶ
502 1663 643 1724 Φαιακία
666 1661 861 1743 καλουμένη,
890 1659 946 1722 καὶ
965 1657 1102 1744 Σχερία,
1123 1657 1182 1722 καί
1199 1661 1323 1741 Δρέπα-
1369 1675 1370 1704 ¹

244 1781 318 1842 ror,
351 1761 408 1826 rui
421 1754 555 1844 Ἄργος·
598 1757 694 1843 ἡτέρα
716 1760 751 1822 δὲ
766 1761 917 1843 Κέρκυρα
939 1755 1025 1834 ἐντὸς
1046 1759 1104 1821 rori
1120 1757 1255 1838 Ἰονίου,
1278 1753 1324 1820 dui

245 1862 303 1926 τοῦ
324 1861 342 1922 ὅ
361 1857 497 1940 μάλιστα
517 1859 666 1941 λεγομένη
680 1857 850 1942 Κόρκυρα,
872 1860 927 1922 καὶ
945 1855 1121 1941 ἧΜέλαινα
1139 1858 1323 1936 καλουμένη.
1369 1871 1370 1946 ζ

248 1963 297 2025 Cf.
315 1961 419 2027 Schol.
449 1959 594 2043 Apollon.
621 1965 737 2045 Argon.
759 1962 813 2022 lV.
835 1959 908 2044 983.
950 1961 1061 2022 Utram
1079 1959 1211 2021 iusrrlam
1234 1961 1323 2042 signi-
1369 1967 1370 2038 ᾖ

247 2062 384 2124 ficaverit
396 2061 516 2144 Dictys,
541 2059 673 2133 illumne,
697 2081 775 2144 quae
795 2060 836 2122 nd
856 2061 1081 2122 Acroceraunia
1101 2062 1134 2121 in
1154 2059 1253 2142 Epiro
1275 2057 1323 2118 ad·
1369 2057 1370 2128 i

249 2163 344 2240 iacet,
365 2182 405 2222 an
437 2181 514 2244 qnae
539 2183 636 2244 prope
657 2161 793 2223 Pharum
815 2169 883 2240 est3
911 2160 993 2242 quod
1014 2159 1141 2222 insolam
1162 2159 1323 2244 Corcyram
1369 2133 1370 2190 i

250 2263 407 2338 nominat,
429 2283 466 2324 ec
485 2263 704 2344 antiquitatem,
741 2281 833 2343 quarn
855 2263 963 2340 iactat,
985 2281 1040 2322 sno
1062 2263 1125 2342 ipse
1145 2260 1262 2320 iudicio
1279 2277 1323 2316 re·

254 2363 343 2428 saliit.
386 2365 466 2426 Nem
497 2365 647 2446 Corcyrae
676 2383 785 2424 nomen
811 2361 900 2444 longe
922 2371 994 2445 post
1013 2361 1137 2422 Troiani
1158 2358 1232 2420 belii
1253 2367 1322 2419 tem·

253 2489 313 2552 pus
331 2465 380 2528 his
407 2465 512 2527 insulis
542 2467 684 2547 positum.
705 2483 737 2522 v.
760 2461 1194 2536 Perizon.-Diss.§.XXV1.
1236 2461 1321 2521 Prae·
1369 2491 1370 2550 y

252 2579 339 2632 terea
370 2568 402 2629 in
430 2567 567 2650 Corcyra
594 2563 731 2626 Melaena
759 2565 837 2625 urhe
858 2563 993 2648 Corcyra
1011 2583 1073 2623 non
1092 2561 1132 2622 ah
1154 2561 1277 2634 Aenea,
1293 2563 1323 2616 ot

256 2670 362 2752 Dictye
384 2665 500 2744 tradit,
518 2665 572 2726 sed
599 2687 617 2726 a
638 2663 753 2725 Cnidiis
782 2662 906 2724 condito
926 2671 991 2739 est,
1014 2660 1189 2723 clarissimis
1209 2659 1323 2720 mrito
1369 2699 1370 2710 i

259 2768 362 2830 Strah.
383 2767 454 2827 vll.
473 2787 505 2848 p.
530 2763 600 2829 218.
623 2775 654 2824 et
672 2762 754 2824 Piin.
783 2765 838 2824 111.
861 2761 911 2828 26.
954 2760 1179 2824 Nonnuliororn
1195 2769 1325 2821 veterum

259 2867 449 2944 testimonia,
475 2885 494 2926 a
517 2865 629 2948 quibus
652 2865 686 2924 in
707 2863 884 2925 Macedonia
904 2861 1013 2924 urbem
1035 2883 1090 2924 sno
1112 2863 1236 2923 nomine
1254 2857 1324 2920 indi·
1369 2923 1370 2936 ἶ

259 2975 322 3028 tam
342 2968 462 3029 Aeneas
482 2966 651 3028 condidisse
671 2963 789 3042 fertur,
809 2963 888 3024 sorte
907 2983 1087 3043 eversurus,
1110 2961 1261 3044 aliamque
1279 2975 1325 3016 noa
1369 2945 1370 3022 f

260 3065 420 3140 veritatem
441 3065 605 3142 docturus,
627 3067 886 3125 snamvcivitatem
908 3065 939 3124 in
960 3064 1094 3146 Corcyra
1116 3062 1217 3140 finxit,
1241 3063 1325 3140 impe·
1369 3065 1370 3074 ’

230 3194 231 3202 ¹
262 3165 341 3226 ritus
364 3173 464 3224 autem
485 3164 685 3247 geographiae
705 3162 950 3246 coloniarumque
970 3164 1172 3226 deductarum
1192 3158 1327 3222 historiae

262 3263 293 3324 in
315 3281 457 3344 magnum
476 3283 614 3325 errorem
627 3263 772 3346 abreptus
791 3275 846 3331 est.
888 3264 1038 3346 Regnasse
1054 3265 1186 3325 Aeneam
1208 3283 1259 3344 per
1280 3255 1327 3318 ati·

263 3362 348 3443 qnod
368 3371 485 3444 tempus
506 3366 536 3424 in
559 3363 636 3424 urhe
659 3364 807 3446 Corcyra,
842 3375 1003 3447 posteaque
1022 3363 1140 3427 italiam
1163 3363 1327 3442 navigasse,

265 3483 300 3522 ex
320 3461 430 3545 Dictye
454 3473 557 3522 narrat
583 3463 641 3524 los.
656 3463 752 3530 lscan.
764 3465 819 3524 Vi.
840 3465 913 3546 891.
930 3465 1055 3526 Aeneas
1075 3497 1114 3508 -
1135 3461 1170 3522 in
1188 3455 1328 3521 Hadria·

266 3581 322 3624 eas
337 3563 429 3622 exsul
443 3559 593 3622 delabitru
609 3560 726 3624 nudas.
748 3562 832 3623 Hr'nc
851 3564 917 3624 urbi
935 3565 1087 3643 conyrae
1103 3581 1224 3636 novoe,
1246 3575 1329 3642 quaa

196 3739 198 3748 Ι
267 3674 421 3724 traxerat
434 3661 514 3744 ipre,
529 3660 646 3722 Nomen
660 3705 668 3736 ‚
685 3676 715 3722 et
729 3663 839 3743 exiguo
853 3677 960 3742 regnat
969 3675 1122 3724 contentus
1129 3662 1239 3744 'ageilo
1252 3704 1261 3736 ‚
1279 3657 1329 3715 Ro·

267 3763 365 3822 manis
384 3761 457 3822 olim
469 3763 655 3844 praemissus
673 3762 826 3823 moerribus
838 3775 948 3823 arrctor.
969 3761 1054 3823 Nihii
1076 3761 1144 3823 istic
1164 3757 1331 3821 tentandum

268 3859 299 3923 in
319 3879 397 3938 yoce
432 3881 545 3922 novae.
595 3859 736 3943 Explica:
760 3859 799 3922 ab
823 3859 882 3922 hoc
902 3863 1009 3924 itinere
1027 3883 1126 3924 novae
1143 3860 1232 3940 urbi,
1252 3873 1331 3938 quan

268 3959 332 4040 ipse
352 3969 505 4020 struxerat
524 3959 652 4037 Aeneas,
672 3960 798 4022 obvenit
821 3982 930 4023 nomen
950 3963 1119 4047 Corcyrae,
1141 3963 1162 4028 i.
1182 3983 1208 4024 e.
1232 3959 1270 4020 ah
1283 3961 1333 4018 Ae·

270 4078 328 4120 nea
356 4057 389 4119 in
417 4055 469 4118 illa
491 4057 589 4120 insula
606 4081 692 4130 ‚nova
719 4060 794 4124 nrhs
813 4061 935 4125 condite
963 4072 1026 4139 est,
1065 4083 1157 4146 quern
1183 4055 1333 4146 appetierit

270 4161 315 4222 Co
404 4183 446 4222 m.

158 4245 167 4268 ⁸
316 4183 533 4323 “Tuum
551 4279 645 4341 regno
657 4263 804 4347 pomer)
844 4265 1031 4330 Antenorem
1053 4265 1216 4328 inTrnade
1234 4275 1332 4325 noran
