2602 4690
324 419 595 479 osseamnonss
623 432 659 481 m·
684 435 748 483 nn.
766 438 820 488 ιιι.
1042 430 1116 512 435

8 591 156 660 terrani
185 600 242 662 τοῦ
280 603 417 684 adparari
457 617 672 698 ταραχθῆναι.
729 620 801 686 Καὶ
839 621 870 690 oi
898 619 1040 717 Ἓλληνες
1079 641 1116 704 δὲ

8 693 196 777 χαίροντες
223 700 420 790 ἆντηβόησαν
447 709 573 792 ὁμοίως·
631 717 687 782 καί
714 725 866 790 κλείονται
889 729 922 796 ui
943 731 1040 799 πύλαι
1060 741 1118 804 τιὸ

8 793 127 864 turbo.
182 801 329 868 Pluribus
368 810 443 872 haec
489 818 587 896 pinxit
620 819 743 884 Tzetzes
776 826 869 890 Hom.
900 834 970 918 259.
1024 841 1118 905 Auxit

8 897 135 980 Dictys
176 911 268 984 atque
301 908 496 990 amplificavit
532 910 687 1000 'ingentem
726 928 863 988 omnium
908 933 1113 1004 Troianorum

8 995 147 1060 luctum
175 1012 205 1062 et
234 1009 396 1086 gemitum,
434 1035 523 1094 quem
556 1019 638 1079 canit
666 1021 755 1084 Hom.
785 1023 820 1093 Il.
841 1031 947 1099 XXII.
975 1035 1044 1115 405.
1075 1039 1115 1104 el.
1192 1097 1195 1104 .

8 1097 182 1162 Obreclit.

104 1201 227 1262 nullam
250 1203 359 1266 salutr's
382 1211 474 1291 spem)
515 1210 628 1277 Hector
655 1223 768 1306 quippe
788 1225 930 1292 fidissima
950 1254 1017 1316 spes
1034 1237 1117 1301 Ten-

8 1317 126 1364 crum.
164 1300 266 1385 Virgil
288 1305 365 1366 Aen.
389 1310 521 1372 11.281.
575 1317 719 1382 Ademtus
741 1323 857 1388 Hector
885 1332 1012 1396 tradidit
1033 1339 1116 1403 sessis

11 1395 143 1458 leviora
166 1399 233 1461 tolli
268 1403 415 1486 Pergama
436 1411 545 1478 Graiis.
569 1413 679 1480 Horat.
699 1421 760 1490 Od.
783 1426 823 1489 II.
848 1428 880 1505 4.
901 1427 951 1510 do.
973 1469 1009 1484 -
1029 1438 1115 1502 vim

9 1499 153 1557 consilio
170 1505 299 1584 rupeis.)
338 1507 409 1569 Lib.
434 1510 476 1570 II.
500 1513 551 1574 25.
570 1536 635 1576 cum
655 1519 768 1584 uirtute
786 1537 849 1586 tuna
864 1533 988 1594 consitio
1010 1536 1115 1608 bonus.

16 1595 74 1655 nbi
100 1595 189 1658 vide.

104 1695 214 1763 XVII.
256 1704 405 1766 uniuersis
419 1709 531 1791 placet)
555 1716 622 1794 Ipse
635 1715 770 1782 Achilles
790 1722 877 1787 ludos
897 1730 1005 1794 indicit
1023 1756 1114 1817 prae·

17 1794 149 1876 miaque
181 1804 333 1881 proponit.
379 1805 469 1867 Hom.
495 1810 528 1876 Il.
551 1815 667 1877 XXIII.
689 1819 761 1881 258.
813 1823 923 1888 Varios
945 1832 976 1890 in
997 1831 1045 1894 bis
1064 1834 1113 1897 Iu·

16 1891 65 1950 dis
94 1895 208 1979 Dictys
235 1914 355 1964 secutus
388 1917 434 1966 est
461 1920 609 1977 auctores.
661 1915 696 1976 In
721 1922 876 1984 nonnullis
896 1933 1114 1996 certaminibus

19 2011 92 2052 cnm
118 1994 258 2059 Homero
281 2007 441 2082 convenit,
461 2011 493 2068 in
515 2011 671 2076 nonnullis
691 2037 760 2078 cum
784 2023 921 2105 Quinto,
943 2030 990 2090 vel
1012 2038 1113 2112 potius

20 2111 78 2168 eo,
102 2115 199 2175 quem
220 2099 354 2176 Quintus
375 2116 445 2166 ante
466 2107 568 2170 oculos
589 2111 706 2176 babuit.
732 2120 825 2200 Apud
850 2127 958 2200 Qumt.
982 2131 1037 2197 lv.
1058 2114 1114 2216 95.1

21 2191 98 2252 Aiax
127 2194 260 2258 Graecos
280 2212 391 2278 monet,
415 2225 450 2265 ex
472 2207 611 2272 Thetidis
630 2215 789 2279 voluntate
809 2219 896 2284 ludos
916 2247 978 2288 esse
997 2231 1111 2296 Achilli

20 2287 247 2373 celebrandos;
267 2306 297 2357 et
316 2299 421 2362 Thetis
441 2305 505 2385 ipsa
525 2311 566 2384 (ν.
588 2309 666 2386 ιι5.)
687 2313 784 2394 θῆκεν
805 2307 916 2384 ἄεθλα.
937 2363 976 2373 -
1001 2331 1111 2394 Custo-

23 2389 91 2452 diae
111 2393 308 2476 populorum,
331 2403 396 2482 qni,
418 2424 456 2463 ne
479 2405 572 2467 bostis
595 2407 673 2470 clam
695 2415 842 2490 irrueret,
867 2421 945 2483 intra
967 2423 1109 2492 ludorum

24 2487 132 2554 festum
171 2501 392 2578 prospicerent,
432 2505 514 2566 nulla
550 2511 632 2590 apud
665 2511 756 2580 Hom.
783 2521 899 2580 mentio
937 2535 998 2602 est;
1027 2533 1110 2609 quod

26 2591 148 2668 quidem
194 2595 346 2659 silentium
386 2606 643 2683 quemadmodum
669 2626 781 2698 vauget
822 2629 943 2697 partam
980 2624 1110 2690 Achillis

27 2687 156 2753 victoria
179 2697 365 2758 Graecorum
387 2699 538 2782 gloriam,
558 2708 599 2766 ita
619 2711 793 2774 testimonio
817 2727 884 2794 est,
906 2719 1110 2789 Troianorum

26 2787 105 2850 vires
129 2795 170 2852 ιιιι
203 2794 360 2859 exhaustas
386 2801 495 2881 luisse,
516 2815 550 2866 ut
580 2805 656 2868 nibil
676 2810 805 2892 amplius
826 2813 866 2874 ab
892 2819 928 2878 iis
948 2834 1024 2883 esset
1044 2846 1109 2888 me-

25 2889 184 2954 tuendum.

105 2995 194 3056 solito
208 3029 247 3044 -
268 2999 444 3063 insidiandi
473 3011 568 3080 more}
611 3005 820 3072 clandestinas
840 3013 1043 3084 Troianorum
1065 3024 1108 3087 ir-

27 3093 180 3170 ruptiones
206 3097 237 3156 in
264 3099 394 3162 Graecos
419 3102 529 3164 multas
558 3106 616 3166 iam
647 3110 827 3191 accepimus.
870 3115 929 3178 Dio
952 3121 1109 3206 Chrysost.

28 3205 56 3264 p.
79 3191 152 3254 338.
178 3193 248 3263 Vol.
270 3198 295 3263 1.
316 3201 417 3261 Reislr.
443 3224 560 3265 morem
580 3205 671 3268 luisse
692 3210 879 3274 Graecorum
901 3219 964 3297 ait,
984 3220 1109 3287 claudes

26 3287 110 3352 stinis
133 3305 165 3355 et
183 3301 339 3359 nocturnis
360 3297 521 3382 impetibus
540 3305 691 3368 Troianos
707 3307 830 3377 adoriri.

97 3399 256 3474 praemia)
296 3397 503 3462 Nominantur
523 3401 614 3470 Hom.
635 3406 668 3468 tt.
691 3409 810 3470 XXIII.
833 3411 905 3498 259.
929 3485 938 3500 .

104 3495 291 3578 quadriiugis
304 3502 385 3584 equis
400 3537 443 3549 -
460 3502 594 3582 bigenem
609 3511 769 3590 praemio)
809 3511 902 3596 Apud
923 3515 1104 3597 Homerum,

30 3581 104 3652 haud
138 3593 376 3677 distinguentem
409 3603 625 3685 quadrigarum
654 3607 854 3691 bIgarumque
873 3621 1049 3694 certamen,
1072 3621 1107 3682 in

30 3677 175 3764 ‘inuritur
198 3715 250 3756 sen
269 3691 374 3760 ἵππων
393 3703 559 3765 certamine
580 3707 676 3766 victor
698 3719 743 3769 est
756 3709 930 3790 Diomedes,
953 3715 1106 3779 secundus

31 3779 220 3871 Antilochus,
248 3795 358 3858 tertius
389 3800 565 3874 Menelaus,
600 3816 725 3886 quartus
748 3809 900 3870 Meriones
907 3852 919 3885 ,
934 3825 1105 3896 postremus

29 3877 174 3953 Eumelus.
203 3893 238 3956 Il.
257 3897 380 3959 XXIII.
410 3899 582 3964 262-650.
625 3905 789 3988 Tripodem
811 3908 973 3973 Diomedes
993 3919 1105 3992 meruit
1218 3913 1224 3923 ’

31 3985 70 4042 lv·
88 3987 174 4065 513.)
185 4035 196 4066 ,
218 4013 309 4076 quem
330 3995 466 4080 Apollini
486 3999 635 4084 Delphico
656 4005 807 4067 dedicasse
828 4007 967 4072 fertura
987 4011 1106 4079 Phania

31 4087 101 4162 apud
118 4089 231 4163 Athen.
249 4095 306 4156 VI.
330 4095 360 4177 4.
382 4121 411 4180 p.
434 4105 505 4164 232.
527 4104 726 4168 Cf..Bruncli.
749 4107 837 4172 Anni.
854 4108 892 4168 T.
917 4113 1103 4201 111.p.179.

33 4197 69 4262 tq·
109 4189 200 4271 Apud
220 4191 332 4274 Quint.
368 4198 435 4264 500.
462 4195 595 4288 ἱππασιῃ
625 4205 750 4290 (norro)
784 4218 905 4271 certant
923 4213 1100 4294 Menelaus,

32 4277 221 4376 Eurypylus,
259 4295 423 4378 Eumelus,
446 4301 567 4382 Tboas,
588 4304 788 4391 Polypoetes:
814 4309 911 4372 vincit
931 4313 1102 4380 Menelaus.
