2698 4688
282 337 385 388 tntu
736 338 922 390 militm!

858 427 870 458 a

281 525 377 586 nostri
408 526 598 612 interpretis,
630 529 663 588 in
692 545 784 608 quem
815 545 911 588 unum
933 547 967 590 se
988 525 1208 608 redegissem
1235 543 1286 607 qut

282 625 332 688 vei
353 629 488 712 quinque
515 627 670 692 volumina
690 628 797 688 Gracci
819 627 958 711 Dictycs,
980 637 1062 690 certe
1084 622 1188 688 retulit
1208 635 1286 688 totas

281 730 404 790 storiam
431 729 470 789 de
496 728 596 790 reditu
616 729 812 794 Graecorum.
853 726 978 790 atatem
1005 739 1107 788 autsm
1137 725 1278 788 similiter

281 827 351 888 dem
369 827 528 889 defunctus
548 838 594 890 est
615 829 719 910 paucis
750 828 783 888 in
801 849 839 889 ea
859 825 1005 901 historia,
1038 826 1092 890 sed
1115 827 1157 890 ita
1181 837 1286 888 tamen

281 945 345 988 uon
372 938 516 1009 scqmum
545 927 744 1010 Septimium,
776 947 884 988 verum
907 925 1030 1008 reliquis
1049 947 1084 988 ex
1109 928 1286 992 Gmoeoruu

241 1057 245 1064 ⁴
281 1028 351 1090 ditu
383 1029 621 1110 praetenuissis,
653 1028 798 1111 delegerit
829 1028 1020 1111 potissimum
1045 1027 1201 1090 historiam
1231 1026 1286 1110 Ut,

279 1149 316 1190 ac
339 1127 409 1190 dein
434 1129 668 1212 Agamemnonis
693 1127 784 1189 occisi
803 1127 844 1189 ab
859 1147 963 1207 uxore,
988 1139 1023 1190 at
1037 1138 1067 1190 et
1085 1126 1178 1192 haias
1198 1127 1254 1190 tilii
1275 1131 1286 1186 t

278 1230 336 1292 tiss
367 1228 407 1290 de
436 1227 549 1313 quibus
583 1228 728 1290 omnibus
758 1226 849 1312 longe
888 1227 996 1311 plura,
1033 1226 1103 1290 linet
1130 1239 1286 1310 congruent

278 1334 404 1394 mmmis
427 1353 529 1394 rerum
549 1330 589 1393 ab
611 1329 778 1392 Homericis
804 1331 1028 1394 narrationibus
1046 1329 1209 1414 aliquando
1225 1349 1286 1392 secr

277 1435 354 1498 tium
383 1433 542 1516 capitibus,
570 1431 675 1512 refert,
696 1451 788 1516 quam
807 1443 921 1510 noster,
950 1443 981 1495 et
996 1443 1097 1494 umen
1117 1451 1152 1492 cr
1171 1431 1283 1514 Dictys

276 1533 387 1598 diserte
403 1532 569 1596 identidem
586 1533 640 1594 ait.
679 1533 760 1595 Vide
786 1553 856 1618 pag.
884 1532 953 1598 152.
980 1531 1020 1594 ds
1040 1532 1140 1609 Circe,
1152 1551 1245 1616 mam
1261 1551 1286 1592 m

276 1633 354 1697 nihii
378 1633 472 1714 alind,
496 1655 587 1720 quam
612 1636 766 1714 nominat,
794 1645 826 1698 et
848 1655 917 1720 pag.
954 1635 1024 1700 155.
1051 1633 1107 1698 168
1134 1645 1166 1697 et
1197 1653 1267 1718 ¹7²·

275 1757 346 1800 runt
371 1729 480 1818 ereo,
506 1738 648 1800 habuime
676 1738 808 1800 Gmecos
837 1739 1020 1822 posteriores
1042 1735 1107 1817 iile,
1134 1755 1213 1820 quae
1239 1735 1286 1796 Du

273 1839 396 1900 nomine
413 1837 551 1919 laudant,
576 1859 638 1901 non
671 1833 707 1901 ex
725 1850 829 1902 nostro
850 1839 1010 1922 Septimio,
1031 1837 1082 1900 ssd
1104 1857 1140 1899 er
1159 1837 1279 1898 Graeco

274 1949 354 2026 εἴγε,
383 1962 473 2024 quem
496 1942 597 2024 ipsum
619 1943 710 2004 vertit
730 1942 838 2003 Latine
859 1939 1044 2025 Septimius,
1075 1949 1106 2000 et
1132 1939 1237 2002 bacin
1263 1959 1286 2022 p

271 2061 350 2123 qnae
372 2039 410 2104 ds
431 2041 531 2104 reditu
551 2043 738 2104 Graecorum
756 2041 876 2125 egebat,
903 2041 1053 2103 contraxit
1077 2041 1110 2100 in
1135 2042 1286 2122 epitomen

271 2139 342 2204 ideo
367 2143 482 2220 minus,
511 2139 593 2224 quod
618 2141 658 2204 ad
683 2139 767 2203 filum
789 2140 935 2204 historiae
961 2137 1119 2204 etseriem
1139 2142 1262 2214 remum,

272 2241 385 2308 Mateta
408 2254 439 2306 ct
458 2243 596 2306 Cedreno
618 2245 684 2306 istic
707 2245 858 2328 congruit.

357 2345 462 2408 xxu.
503 2345 565 2406 ista
604 2355 705 2408 eutem
738 2344 862 2407 uberius
885 2343 977 2428 paulo
1003 2354 1036 2406 et
1062 2343 1214 2426 copiosius
1236 2339 1286 2402 der

274 2450 370 2508 strare
391 2445 486 2525 volui,
522 2445 595 2528 quia
618 2447 650 2506 in
679 2443 762 2506 hisce
786 2445 922 2506 consistit
944 2437 980 2505 ro*
1005 2441 1197 2523 κρινόμενον,
1222 2452 1252 2503 et
1267 2452 1286 2501 it

275 2545 618 2611 controversiaenodus.
660 2543 725 2609 tilis
744 2545 824 2607 enim
840 2544 1001 2628 expeditis,
1024 2563 1072 2605 ree
1092 2543 1175 2626 ipsa,
1198 2551 1245 2602 tot
1261 2543 1286 2600 in

275 2647 333 2712 bus
355 2647 535 2710 coniecturis
553 2645 699 2730 implicita
719 2655 750 2708 et
763 2645 935 2723 obscurata,
960 2647 993 2705 in
1015 2643 1159 2726 liquidnm
1179 2641 1286 2723 mnergi

276 2762 355 2826 cem,
378 2755 410 2808 et
429 2755 514 2830 patet
526 2747 659 2820 tandem,
684 2746 723 2808 de
745 2747 855 2831 Dictys
875 2745 1013 2808 Cretensi
1033 2741 1107 2826 quid
1128 2741 1215 2804 nobis
1239 2744 1278 2802 sit

276 2846 436 2910 tuendum.
476 2847 557 2911 uam
577 2851 602 2909 si
629 2846 689 2910 hoc
711 2855 839 2922 constat,
868 2835 1046 2929 Septimium
1062 2845 1186 2906 vertisse
1205 2841 1286 2904 hosct

276 2943 374 3009 helios
399 2967 435 3008 ex
457 2943 511 3008 iiio
531 2947 660 3030 Dictys,
688 2967 780 3030 quem
807 2945 917 3007 Graeci
947 2945 1108 3027 scriptores
1133 2953 1164 3003 et
1186 2941 1286 3002 scholi

277 3043 443 3107 identidem
460 3045 611 3124 iaudent3
634 3067 687 3108 seu
698 3049 830 3109 Graecos
844 3044 936 3107 hosce
957 3043 1077 3106 nulium
1097 3040 1189 3104 alium
1210 3039 1286 3102 habe

276 3145 409 3225 novisse,
431 3143 601 3228 designasse
621 3147 756 3230 Dictyu,
779 3165 871 3229 quam
892 3139 976 3208 hunc
995 3146 1113 3228 ipsum,
1145 3163 1235 3227 quem
1264 3141 1286 3200 S

276 3245 357 3304 mius
376 3261 515 3306 sermone
534 3245 644 3306 Latino
666 3234 832 3329 expressit:
853 3244 963 3308 evadet
984 3254 1059 3306 tuno
1081 3243 1191 3304 diurna
1211 3241 1278 3302 lucc

277 3343 341 3406 rius
364 3355 395 3406 et
416 3345 549 3421 certius,
585 3344 694 3408 salsum
717 3366 789 3430 ergo
809 3367 903 3424 esse,
923 3343 1006 3429 quod
1027 3336 1134 3406 Graeci
1161 3339 1208 3403 iiii
1228 3339 1286 3402 trud

278 3453 351 3506 runt
379 3443 507 3526 diserte,
537 3445 681 3532 quodque
713 3445 782 3508 idco
822 3445 1017 3509 crediderunt
1049 3455 1142 3526 atquc
1175 3437 1286 3502 affirma

278 3543 406 3606 Vossius
426 3555 529 3628 pater,
553 3547 615 3608 Leo
638 3547 778 3627 Allatius,
799 3557 830 3609 et
849 3547 986 3630 plerique
1004 3545 1097 3607 hodie
1119 3543 1190 3620 eiii,
1212 3541 1286 3620 scrip

215 3723 219 3736 ¹
278 3640 436 3706 historiam
453 3645 493 3708 de
518 3645 599 3709 bello
625 3649 761 3711 Troiano
792 3647 1035 3732 antiquissimum
1064 3642 1216 3729 quendum
1236 3641 1286 3700 Dic

277 3741 433 3807 idomenei
454 3746 644 3810 Cretensium
660 3746 757 3832 reguli
777 3751 939 3823 comitem,
970 3745 1024 3832 qui
1044 3748 1109 3829 ipse
1129 3741 1210 3804 helio
1231 3740 1286 3800 Tm

277 3843 469 3924 iuteriuerit,
501 3856 531 3908 et
562 3869 610 3910 res
638 3849 678 3910 sb
708 3870 741 3911 se
766 3851 833 3933 ipso
862 3851 942 3910 visas
969 3847 1134 3909 mercuriae
1164 3841 1286 3904 mandat

277 3939 495 4021 Nemeeius,
525 3951 740 4032 personantia
763 3951 820 4012 ista
841 3949 1048 4031 expeditione,
1079 3953 1207 4006 aetatem
1235 3950 1266 4000 et

277 4046 414 4126 ptionem
437 4047 520 4109 finxit
542 4047 603 4122 itte,
624 4051 678 4132 qui
696 4051 842 4111 Graecam
864 4049 944 4110 hanc
967 4049 1125 4108 historiam
1145 4055 1280 4125 tempore

277 4145 360 4206 roais
380 4149 568 4230 composuit,
594 4159 624 4210 et
643 4149 726 4211 unde
749 4152 838 4210 unice
860 4158 924 4210 tota
944 4147 1018 4208 haec
1038 4143 1141 4207 subula
1160 4141 1199 4204 ds
1216 4140 1286 4202 anti«

277 4241 354 4308 simo
373 4243 427 4309 itio
449 4247 559 4333 Dictys
575 4247 711 4312 cretensi
730 4249 851 4312 videtur
871 4259 948 4314 orta.
980 4247 1060 4308 Nam
1081 4241 1183 4305 nuilus
1203 4239 1283 4302 alius
