2698 4688
516 399 744 454 Dlfflffll'mO·
1042 408 1177 464 bullii

74 587 208 650 vixerit.
259 580 351 646 ttutts
374 583 522 648 hebernus
550 587 693 670 vestigio,
724 609 803 672 queo
829 593 862 654 iu
889 611 927 654 eo
950 591 1121 676 indegeodo
1147 609 1179 664 et

75 685 225 754 mdo
240 703 417 767 sequemur,
432 684 490 744 uisi
511 706 589 767 quae
606 685 695 762 nobis
710 708 772 749 uos
787 689 826 773 Q.
841 690 960 754 Amdii
971 691 1074 778 Rufini
1092 716 1179 758 meo·

77 787 129 848 tio
151 782 290 867 praebet.
337 782 386 844 Es
410 784 493 844 enim
522 781 586 846 sole
617 787 660 846 uti
688 785 833 850 debemus
865 789 903 848 ad
936 792 1179 858 constituendam

78 885 225 968 qutiruii
253 891 392 944 aetutem.
440 880 500 943 Sed
530 881 611 945 illius
630 905 753 968 quoque
772 897 858 951 uetes
884 887 1106 970 aliquantulum
1129 897 1179 956 in·

78 995 184 1062 oeta,
203 982 276 1066 quia
297 979 399 1064 plures
414 981 538 1043 luerunt
557 984 642 1044 istius
657 986 787 1048 nominis
809 985 956 1051 homines.
999 988 1062 1059 Nee
1082 997 1175 1070 enim,

81 1082 174 1166 qood
198 1082 257 1144 viri
285 1081 368 1142 docti
394 1078 538 1142 videntur
570 1083 775 1161 existimasse,
798 1105 877 1146 unus
896 1085 965 1166 luit,
987 1099 1018 1150 et
1038 1093 1099 1172 qui¹
1115 1095 1178 1156 iem

78 1183 144 1246 sub
163 1179 356 1244 ttiocteuam
377 1179 552 1242 Praefectus
569 1182 654 1242 urbis
675 1185 808 1264 primum
826 1185 894 1263 luit,
919 1197 949 1248 et
966 1188 1019 1269 qui
1041 1191 1097 1250 Lx
1120 1212 1177 1254 eo·

80 1285 134 1342 mis
152 1289 226 1363 post
246 1279 286 1340 ab
314 1278 431 1339 iuliane
455 1279 552 1342 lectus
581 1291 626 1342 est
649 1281 758 1344 Comes
781 1283 916 1346 Orientis
935 1287 1016 1368 epod
1037 1287 1176 1354 Ammiu-

79 1399 164 1440 num
185 1373 323 1439 Marcell.
346 1377 466 1444 xxttl.
492 1380 562 1440 init.
612 1377 719 1462 Neque
746 1383 837 1442 etium
868 1393 991 1465 putem,
1025 1385 1175 1451 Aradium

78 1477 338 1542 humbelinam
362 1497 426 1538 esse
454 1475 541 1540 illum
568 1479 600 1539 io
622 1459 774 1564 lapidibus
800 1493 1001 1551 memoratum
1029 1483 1068 1548 P.
1087 1489 1176 1550 Ara·

77 1579 171 1640 diras
189 1575 330 1660 llufirrwrs
349 1573 506 1638 Valerium
524 1577 699 1656 Procridem,
720 1590 754 1641 ut
775 1592 876 1642 censet
897 1580 1047 1645 Ooul'rius
1066 1587 1098 1646 in
1113 1587 1176 1649 Fu·

76 1679 137 1742 stis
158 1699 209 1742 eo.
224 1675 412 1756 mvtlt,
435 1699 525 1760 quem
543 1688 644 1740 temen
667 1681 701 1740 in
720 1701 758 1742 eo
771 1693 940 1764 sequuuttu·
958 1705 1074 1762 omues,
1097 1708 1175 1770 quos

79 1777 159 1842 vidi.
214 1777 294 1839 Nem
324 1775 376 1840 ille
407 1781 497 1840 unico
527 1780 669 1856 nomine,
710 1779 759 1844 vel
791 1785 916 1865 peusis,
944 1787 970 1847 si
1002 1785 1175 1868 desipuere·

79 1890 157 1960 tur,
186 1877 340 1940 dicendm
360 1891 424 1940 eret
450 1882 637 1962 potissimum
670 1881 812 1944 ratenus
843 1883 1003 1962 Providus,
1036 1887 1084 1950 vel
1105 1900 1174 1951 ten·

77 1991 151 2042 tum
172 1979 335 2054 Proculus,
361 2001 446 2044 more
466 1983 550 2044 istius
571 1985 728 2065 temporis,
749 2005 812 2066 quo
832 2005 866 2046 ex
888 1986 1025 2070 pluribus
1041 1991 1169 2050 nomini·

76 2079 137 2144 uus
156 2101 276 2164 semper
299 2082 406 2144 ultimo
429 2087 569 2163 maxime,
590 2097 735 2169 tunquam
755 2086 812 2148 sibi
827 2090 1016 2170 potissimum
1032 2095 1169 2176 proprio,

79 2181 316 2265 uppellelteutur
345 2183 491 2252 homines.
542 2185 588 2247 lte
607 2186 785 2266 'Imperator
814 2187 860 2252 M.
889 2189 1018 2272 Messius
1047 2191 1172 2272 Quintus

83 2283 243 2350 renim
263 2283 375 2347 Decius
394 2284 435 2347 eb
453 2285 607 2366 omuibus,
632 2286 787 2350 Trebellio
807 2287 970 2368 Pollione,
999 2290 1170 2374 Eutropio,

80 2387 230 2462 Victore,
252 2386 381 2462 Oresio,
402 2385 537 2470 Sulpicio
557 2387 671 2450 Severo
694 2399 751 2450 oet.
774 2393 883 2471 possim
906 2389 1083 2474 simpliciter
1102 2391 1169 2456 De·

75 2489 140 2548 aiu
162 2485 212 2546 rel
235 2485 389 2550 Trariurur
409 2486 522 2548 Decius
543 2487 666 2550 dicitur.
707 2489 782 2552 Eius
803 2502 904 2554 eutem
924 2493 988 2556 sive
1005 2489 1084 2554 lilius
1104 2495 1169 2554 eive

75 2607 191 2670 geue,
225 2587 260 2650 C·
291 2585 410 2650 Vatum
434 2587 623 2650 Hostilium
652 2588 781 2650 Mersiur
805 2592 956 2675 Quintus,
990 2592 1168 2674 simpliciter

78 2689 220 2770 Qrdutns,
239 2689 329 2750 sicuti
352 2689 491 2770 Auguus
510 2687 591 2750 illiue
611 2690 766 2771 temporis,
791 2691 897 2752 Gnaeo
915 2691 988 2751 Seia
1008 2693 1169 2756 Herennia

76 2787 225 2850 &lintis
244 2788 364 2850 Bottia
385 2787 549 2866 Orbiana,
578 2788 712 2850 breviter
733 2790 849 2850 Borbio
872 2789 1009 2850 Orbium
1030 2801 1168 2855 vocatur.

76 2887 140 2950 Sed
162 2897 193 2948 st
212 2887 262 2951 lsie
280 2891 345 2972 ipse
364 2889 556 2974 Q.Arudius
575 2889 698 2976 llrfim
718 2887 863 2952 Valerius
885 2887 1027 2952 Pmoun
1047 2892 1078 2952 io
1099 2911 1169 2954 eor·

77 3009 154 3072 pose
171 2989 236 3071 ipso
252 2991 461 3072 luseripdonis
482 2991 508 3058 l.
520 3012 553 3072 p.
566 2989 640 3054 362.
661 2991 742 3072 opud
758 2990 922 3052 Gruterum
938 2992 1079 3056 omnibus
1097 2993 1168 3075 qui·

77 3091 151 3152 dn
171 3089 253 3154 bisce
272 3091 446 3154 minibus
465 3093 509 3154 ite
530 3092 719 3174 exprimitur,
743 3101 775 3152 et
799 3091 831 3152 in
851 3092 918 3152 eius
938 3092 1065 3175 vestigio
1092 3091 1168 3176 lepis

79 3194 135 3254 ide
155 3195 270 3274 positos
288 3193 431 3254 scribitur
452 3203 573 3255 tentum
596 3191 722 3254 Valerio
740 3191 870 3254 Proculo
895 3191 937 3254 V.
962 3193 997 3253 0.
1026 3193 1167 3256 Praesutt

81 3289 267 3353 meirdoe
279 3292 469 3372 Βμοιπαε.
493 3293 601 3374 Neque
620 3291 708 3355 eliter
726 3291 764 3354 L.
778 3293 921 3356 Aradios
934 3290 1166 3356 ValeriusPro·

79 3395 160 3452 mbo
178 3392 261 3475 epod
281 3393 445 3456 Gruterum
468 3415 537 3477 pag.
558 3392 632 3456 561.
660 3395 692 3454 in
714 3393 835 3454 duobus
853 3391 1038 3454 seminibus
1058 3394 1166 3456 moiori

80 3491 186 3570 tuto,
213 3494 267 3575 qoi
301 3513 407 3556 omnes
439 3496 504 3556 eius
532 3494 663 3556 honores
685 3495 840 3572 eontinet,
859 3491 1020 3564 subiectis,
1047 3503 1167 3556 tentum

81 3594 221 3656 rmum
243 3593 366 3656 dieitur.
409 3595 496 3674 Quae
523 3597 588 3678 ipse
615 3595 749 3656 eermioe
772 3597 865 3656 etism
887 3593 926 3654 ed
948 3593 989 3670 Q.
1012 3593 1068 3656 Ar.
1091 3593 1163 3654 llus.

82 3691 150 3758 Vnt.
174 3694 341 3758 Proculum
368 3696 514 3758 Onusrim
544 3694 623 3757 mele
651 3694 775 3774 retulit,
796 3695 867 3758 lieet
889 3695 914 3756 is
940 3693 1062 3769 Consul,
1085 3705 1166 3757 certe

82 3795 259 3870 udinerim,
287 3819 445 3880 nunquam
470 3799 561 3860 luisse
586 3796 736 3860 rideatur.

162 3895 311 3962 mtv.
353 3899 437 3978 Quid
457 3903 555 3982 ergo?
575 3896 734 3958 Familiam
766 3895 907 3958 benetie
927 3915 983 3976 ego
1001 3893 1164 3955 ordinere·

86 3999 153 4070 rim,
175 3997 229 4058 sed
246 4019 283 4058 ex
302 4001 488 4072 coniectura,
509 4009 544 4060 ut
566 4009 641 4080 poto
664 4009 765 4058 temen
787 3995 947 4078 probabili.
988 3995 1113 4056 Primus
1133 3993 1164 4054 iu

83 4117 119 4157 es
137 4099 182 4158 sir
201 4097 327 4160 illustris
349 4100 406 4160 fuit
429 4101 468 4182 Q.
486 4099 622 4161 Aradus
641 4099 778 4184 Roseus,
802 4096 975 4160 Praefectus
993 4093 1063 4156 urbi
1082 4113 1163 4154 euno

87 4197 183 4258 llLVl
198 4209 230 4259 et
243 4200 397 4280 llLXll„
418 4203 470 4283 qui
489 4199 568 4262 mule
588 4203 620 4258 io
640 4196 743 4259 libello
756 4197 981 4259 Preeieetorum
999 4195 1084 4265 urbis
1096 4215 1164 4256 tuo·

85 4297 124 4360 do
141 4297 282 4362 t’mettsae
301 4301 449 4388 Rufinus,
477 4301 567 4364 modo
589 4297 753 4362 Heraclito
770 4299 839 4381 Rufi·
863 4307 894 4357 et
913 4295 991 4386 ideo¹
1008 4295 1048 4358 eb
1072 4294 1167 4354 Onu·
