<?xml version="1.0" encoding="UTF-8"?>
<!DOCTYPE html PUBLIC "-//W3C//DTD XHTML 1.0 Transitional//EN"
    "http://www.w3.org/TR/xhtml1/DTD/xhtml1-transitional.dtd">
<html xmlns="http://www.w3.org/1999/xhtml" xml:lang="en" lang="en">
 <head>
  <title>
</title>
<meta http-equiv="Content-Type" content="text/html;charset=utf-8" />
  <meta name='ocr-system' content='tesseract 3.04.00' />
  <meta name='ocr-capabilities' content='ocr_page ocr_carea ocr_par ocr_line ocrx_word'/>
</head>
<body>
  <div class='ocr_page' id='page_1' title='image "./dictyscretensis00dictgoog/dictyscretensis00dictgoog_0529.png"; bbox 0 0 2766 4690; ppageno 0'>
   <div class='ocr_carea' id='block_1_1' title="bbox 401 327 1193 406">
    <p class='ocr_par' dir='ltr' id='par_1_1' title="bbox 401 327 1193 406">
     <span class='ocr_line' id='line_1_1' title="bbox 401 327 1193 406; baseline 0.008 -8"><span class='ocrx_word' id='word_1_1' title='bbox 401 343 674 400; x_wconf 75' lang='lat' dir='ltr'>caemrauioscs</span> <span class='ocrx_word' id='word_1_2' title='bbox 705 344 742 400; x_wconf 77' lang='lat' dir='ltr'>ut</span> <span class='ocrx_word' id='word_1_3' title='bbox 767 347 831 401; x_wconf 80' lang='lat' dir='ltr'>nin.</span> <span class='ocrx_word' id='word_1_4' title='bbox 857 348 895 400; x_wconf 81' lang='lat' dir='ltr'>u</span> <span class='ocrx_word' id='word_1_5' title='bbox 1119 327 1193 406; x_wconf 72' lang='lat'>423</span> 
     </span>
    </p>
   </div>
   <div class='ocr_carea' id='block_1_2' title="bbox 10 534 1195 1222">
    <p class='ocr_par' dir='ltr' id='par_1_2' title="bbox 101 534 1192 702">
     <span class='ocr_line' id='line_1_2' title="bbox 101 534 1192 698; baseline 0.004 -98"><span class='ocrx_word' id='word_1_6' title='bbox 101 534 256 620; x_wconf 80' lang='lat' dir='ltr'>depulisse</span> <span class='ocrx_word' id='word_1_7' title='bbox 287 543 450 698; x_wconf 64' lang='lat' dir='ltr'>cmpentua</span> <span class='ocrx_word' id='word_1_8' title='bbox 472 544 561 612; x_wconf 75' lang='lat' dir='ltr'>meet,</span> <span class='ocrx_word' id='word_1_9' title='bbox 582 553 681 618; x_wconf 73' lang='lat' dir='ltr'>nequae</span> <span class='ocrx_word' id='word_1_10' title='bbox 704 537 810 600; x_wconf 78' lang='lat' dir='ltr'>maiori</span> <span class='ocrx_word' id='word_1_11' title='bbox 831 536 966 624; x_wconf 83' lang='lat' dir='ltr'>periculo</span> <span class='ocrx_word' id='word_1_12' title='bbox 993 555 1058 602; x_wconf 82' lang='lat' dir='ltr'>cese</span> <span class='ocrx_word' id='word_1_13' title='bbox 1079 535 1192 604; x_wconf 80' lang='lat' dir='ltr'>obiice·</span> 
     </span>
     <span class='ocr_line' id='line_1_3' title="bbox 103 633 366 702; baseline -0.019 0"><span class='ocrx_word' id='word_1_14' title='bbox 103 647 164 702; x_wconf 83' lang='lat' dir='ltr'>ret.</span> <span class='ocrx_word' id='word_1_15' title='bbox 214 633 254 699; x_wconf 89' lang='lat' dir='ltr'>ll.</span> <span class='ocrx_word' id='word_1_16' title='bbox 276 635 366 698; x_wconf 70' lang='lat' dir='ltr'>IV.</span> 
     </span>
    </p>

    <p class='ocr_par' dir='ltr' id='par_1_3' title="bbox 10 722 1195 1130">
     <span class='ocr_line' id='line_1_4' title="bbox 185 722 1195 820; baseline 0.003 -21"><span class='ocrx_word' id='word_1_17' title='bbox 185 735 302 800; x_wconf 81' lang='lat' dir='ltr'>XLlll.</span> <span class='ocrx_word' id='word_1_18' title='bbox 344 733 436 800; x_wconf 70' lang='lat' dir='ltr'>Aiax</span> <span class='ocrx_word' id='word_1_19' title='bbox 457 767 497 786; x_wconf 89' lang='lat'>-</span> <span class='ocrx_word' id='word_1_20' title='bbox 515 722 692 814; x_wconf 77' lang='lat' dir='ltr'>adueniens)</span> <span class='ocrx_word' id='word_1_21' title='bbox 710 733 740 798; x_wconf 85' lang='lat' dir='ltr'>la</span> <span class='ocrx_word' id='word_1_22' title='bbox 760 735 841 820; x_wconf 81' lang='lat' dir='ltr'>opud</span> <span class='ocrx_word' id='word_1_23' title='bbox 864 735 1031 800; x_wconf 81' lang='lat' dir='ltr'>Homerum</span> <span class='ocrx_word' id='word_1_24' title='bbox 1052 749 1123 804; x_wconf 88' lang='lat' dir='ltr'>ante</span> <span class='ocrx_word' id='word_1_25' title='bbox 1145 740 1195 803; x_wconf 91' lang='lat' dir='ltr'>in·</span> 
     </span>
     <span class='ocr_line' id='line_1_5' title="bbox 101 833 1195 918; baseline 0 -16"><span class='ocrx_word' id='word_1_26' title='bbox 101 833 246 902; x_wconf 69' lang='lat' dir='ltr'>caudium</span> <span class='ocrx_word' id='word_1_27' title='bbox 265 835 386 900; x_wconf 75' lang='lat' dir='ltr'>sortiter</span> <span class='ocrx_word' id='word_1_28' title='bbox 407 845 542 918; x_wconf 72' lang='lat' dir='ltr'>puguutt</span> <span class='ocrx_word' id='word_1_29' title='bbox 573 835 654 898; x_wconf 77' lang='lat' dir='ltr'>lucto</span> <span class='ocrx_word' id='word_1_30' title='bbox 685 846 785 904; x_wconf 83' lang='lat' dir='ltr'>eutem</span> <span class='ocrx_word' id='word_1_31' title='bbox 820 837 961 900; x_wconf 87' lang='lat' dir='ltr'>incendio</span> <span class='ocrx_word' id='word_1_32' title='bbox 984 836 1109 904; x_wconf 81' lang='lat' dir='ltr'>advenit</span> <span class='ocrx_word' id='word_1_33' title='bbox 1130 841 1195 904; x_wconf 86' lang='lat' dir='ltr'>Pu·</span> 
     </span>
     <span class='ocr_line' id='line_1_6' title="bbox 101 933 1195 1026; baseline 0.002 -26"><span class='ocrx_word' id='word_1_34' title='bbox 101 933 232 1004; x_wconf 79' lang='lat' dir='ltr'>t&#39;nocltu.</span> <span class='ocrx_word' id='word_1_35' title='bbox 273 935 380 1018; x_wconf 81' lang='lat' dir='ltr'>Dictys</span> <span class='ocrx_word' id='word_1_36' title='bbox 412 933 501 998; x_wconf 79' lang='lat' dir='ltr'>Aiaci</span> <span class='ocrx_word' id='word_1_37' title='bbox 530 933 648 1026; x_wconf 44' lang='lat' dir='ltr'>tribuit·</span> <span class='ocrx_word' id='word_1_38' title='bbox 668 935 820 1018; x_wconf 75' lang='grc' dir='ltr'><strong><em>ροῑοιοοι,</em></strong></span> <span class='ocrx_word' id='word_1_39' title='bbox 843 957 936 1022; x_wconf 89' lang='lat' dir='ltr'>quam</span> <span class='ocrx_word' id='word_1_40' title='bbox 957 937 1111 1002; x_wconf 82' lang='lat' dir='ltr'>Homerus</span> <span class='ocrx_word' id='word_1_41' title='bbox 1130 939 1195 1002; x_wconf 84' lang='lat' dir='ltr'>Pa·</span> 
     </span>
     <span class='ocr_line' id='line_1_7' title="bbox 10 1033 1192 1130; baseline 0.004 -31"><span class='ocrx_word' id='word_1_42' title='bbox 10 1121 15 1130; x_wconf 31' lang='lat'><strong>¹</strong></span> <span class='ocrx_word' id='word_1_43' title='bbox 101 1033 216 1102; x_wconf 75' lang='lat' dir='ltr'>tinulo.</span> <span class='ocrx_word' id='word_1_44' title='bbox 237 1069 278 1084; x_wconf 89' lang='lat'><em>-</em></span> <span class='ocrx_word' id='word_1_45' title='bbox 292 1053 408 1118; x_wconf 70' lang='lat' dir='ltr'>magron</span> <span class='ocrx_word' id='word_1_46' title='bbox 424 1053 579 1098; x_wconf 76' lang='lat' dir='ltr'>numm</span> <span class='ocrx_word' id='word_1_47' title='bbox 595 1037 710 1120; x_wconf 71' lang='lat' dir='ltr'>speeie)</span> <span class='ocrx_word' id='word_1_48' title='bbox 750 1033 876 1102; x_wconf 87' lang='lat' dir='ltr'>Peliden</span> <span class='ocrx_word' id='word_1_49' title='bbox 898 1037 1006 1108; x_wconf 78' lang='lat' dir='ltr'>viuere</span> <span class='ocrx_word' id='word_1_50' title='bbox 1027 1039 1086 1106; x_wconf 79' lang='lat' dir='ltr'>nti</span> <span class='ocrx_word' id='word_1_51' title='bbox 1107 1037 1192 1104; x_wconf 81' lang='lat' dir='ltr'>vide·</span> 
     </span>
    </p>

    <p class='ocr_par' dir='ltr' id='par_1_4' title="bbox 97 1130 1195 1222">
     <span class='ocr_line' id='line_1_8' title="bbox 97 1130 1195 1222; baseline 0.007 -22"><span class='ocrx_word' id='word_1_52' title='bbox 97 1133 216 1200; x_wconf 77' lang='lat' dir='ltr'>huntur</span> <span class='ocrx_word' id='word_1_53' title='bbox 245 1133 395 1214; x_wconf 79' lang='lat' dir='ltr'>Troiani,</span> <span class='ocrx_word' id='word_1_54' title='bbox 428 1153 499 1196; x_wconf 89' lang='lat' dir='ltr'>cum</span> <span class='ocrx_word' id='word_1_55' title='bbox 520 1130 601 1196; x_wconf 83' lang='lat' dir='ltr'>illim</span> <span class='ocrx_word' id='word_1_56' title='bbox 637 1154 724 1198; x_wconf 75' lang='lat' dir='ltr'>mure</span> <span class='ocrx_word' id='word_1_57' title='bbox 747 1134 907 1202; x_wconf 83' lang='lat' dir='ltr'>Petruclue</span> <span class='ocrx_word' id='word_1_58' title='bbox 926 1147 1066 1222; x_wconf 61' lang='lat' dir='ltr'>peruret.</span> <span class='ocrx_word' id='word_1_59' title='bbox 1103 1135 1195 1208; x_wconf 79' lang='lat' dir='ltr'>uon</span> 
     </span>
    </p>
   </div>
   <div class='ocr_carea' id='block_1_3' title="bbox 101 1227 1327 1321">
    <p class='ocr_par' dir='ltr' id='par_1_5' title="bbox 101 1227 1327 1321">
     <span class='ocr_line' id='line_1_9' title="bbox 101 1227 1327 1321; baseline 0.003 -24"><span class='ocrx_word' id='word_1_60' title='bbox 101 1233 142 1298; x_wconf 93' lang='lat' dir='ltr'>ll.</span> <span class='ocrx_word' id='word_1_61' title='bbox 168 1231 416 1302; x_wconf 78' lang='lat' dir='ltr'>xvt.281.-</span> <span class='ocrx_word' id='word_1_62' title='bbox 450 1245 541 1301; x_wconf 73' lang='lat' dir='ltr'>exuo</span> <span class='ocrx_word' id='word_1_63' title='bbox 573 1233 687 1296; x_wconf 78' lang='lat' dir='ltr'>vatum</span> <span class='ocrx_word' id='word_1_64' title='bbox 707 1233 850 1313; x_wconf 74' lang='lat' dir='ltr'>deordit)</span> <span class='ocrx_word' id='word_1_65' title='bbox 890 1237 1070 1304; x_wconf 79' lang='lat' dir='ltr'>Enuvibue</span> <span class='ocrx_word' id='word_1_66' title='bbox 1090 1234 1192 1321; x_wconf 78' lang='lat' dir='ltr'>pellit,</span> <span class='ocrx_word' id='word_1_67' title='bbox 1321 1227 1327 1240; x_wconf 74' lang='grc'><strong>’</strong></span> 
     </span>
    </p>
   </div>
   <div class='ocr_carea' id='block_1_4' title="bbox 98 1329 1195 4320">
    <p class='ocr_par' dir='ltr' id='par_1_6' title="bbox 99 1329 1195 2320">
     <span class='ocr_line' id='line_1_10' title="bbox 99 1329 1195 1420; baseline 0.006 -25"><span class='ocrx_word' id='word_1_68' title='bbox 99 1329 278 1396; x_wconf 82' lang='lat' dir='ltr'>incendium</span> <span class='ocrx_word' id='word_1_69' title='bbox 304 1332 478 1418; x_wconf 72' lang='lat' dir='ltr'><strong>restinguit,</strong></span> <span class='ocrx_word' id='word_1_70' title='bbox 504 1341 599 1414; x_wconf 85' lang='lat' dir='ltr'>etque</span> <span class='ocrx_word' id='word_1_71' title='bbox 617 1331 766 1416; x_wconf 74' lang='lat' dir='ltr'>fugientes</span> <span class='ocrx_word' id='word_1_72' title='bbox 787 1334 889 1399; x_wconf 79' lang='lat' dir='ltr'>hostes</span> <span class='ocrx_word' id='word_1_73' title='bbox 908 1357 1002 1420; x_wconf 87' lang='lat' dir='ltr'>supre</span> <span class='ocrx_word' id='word_1_74' title='bbox 1026 1337 1143 1402; x_wconf 84' lang='lat' dir='ltr'>vallum</span> <span class='ocrx_word' id='word_1_75' title='bbox 1164 1349 1195 1402; x_wconf 90' lang='lat' dir='ltr'>et</span> 
     </span>
     <span class='ocr_line' id='line_1_11' title="bbox 100 1427 1194 1516; baseline 0.005 -24"><span class='ocrx_word' id='word_1_76' title='bbox 100 1433 134 1494; x_wconf 87' lang='lat' dir='ltr'>in</span> <span class='ocrx_word' id='word_1_77' title='bbox 159 1442 277 1514; x_wconf 73' lang='lat' dir='ltr'>apertos</span> <span class='ocrx_word' id='word_1_78' title='bbox 296 1451 420 1516; x_wconf 85' lang='lat' dir='ltr'>campos</span> <span class='ocrx_word' id='word_1_79' title='bbox 439 1427 597 1516; x_wconf 81' lang='lat' dir='ltr'><strong>compellit</strong></span> <span class='ocrx_word' id='word_1_80' title='bbox 620 1431 795 1510; x_wconf 78' lang='lat' dir='ltr'>Patrocles,</span> <span class='ocrx_word' id='word_1_81' title='bbox 825 1435 995 1502; x_wconf 84' lang='lat' dir='ltr'>secundum</span> <span class='ocrx_word' id='word_1_82' title='bbox 1015 1437 1194 1506; x_wconf 83' lang='lat' dir='ltr'>Homerum.</span> 
     </span>
     <span class='ocr_line' id='line_1_12' title="bbox 103 1531 1194 1627; baseline 0.003 -30"><span class='ocrx_word' id='word_1_83' title='bbox 103 1531 153 1598; x_wconf 84' lang='lat' dir='ltr'>Ex</span> <span class='ocrx_word' id='word_1_84' title='bbox 181 1533 297 1598; x_wconf 71' lang='lat' dir='ltr'>Graeco</span> <span class='ocrx_word' id='word_1_85' title='bbox 335 1531 446 1618; x_wconf 79' lang='lat' dir='ltr'>Dittye</span> <span class='ocrx_word' id='word_1_86' title='bbox 475 1535 569 1616; x_wconf 83' lang='lat' dir='ltr'>petito</span> <span class='ocrx_word' id='word_1_87' title='bbox 603 1543 676 1596; x_wconf 85' lang='lat' dir='ltr'>suut</span> <span class='ocrx_word' id='word_1_88' title='bbox 696 1533 813 1615; x_wconf 86' lang='lat' dir='ltr'>verbe,</span> <span class='ocrx_word' id='word_1_89' title='bbox 836 1558 915 1620; x_wconf 77' lang='lat' dir='ltr'>quse</span> <span class='ocrx_word' id='word_1_90' title='bbox 934 1537 1016 1627; x_wconf 85' lang='lat' dir='ltr'>epud</span> <span class='ocrx_word' id='word_1_91' title='bbox 1038 1537 1140 1608; x_wconf 80' lang='lat' dir='ltr'>Malel.</span> <span class='ocrx_word' id='word_1_92' title='bbox 1163 1560 1194 1622; x_wconf 86' lang='lat' dir='ltr'>p.</span> 
     </span>
     <span class='ocr_line' id='line_1_13' title="bbox 104 1631 1193 1720; baseline 0.006 -23"><span class='ocrx_word' id='word_1_93' title='bbox 104 1633 175 1720; x_wconf 76' lang='lat'>139.</span> <span class='ocrx_word' id='word_1_94' title='bbox 195 1633 228 1694; x_wconf 91' lang='lat' dir='ltr'>in</span> <span class='ocrx_word' id='word_1_95' title='bbox 258 1631 361 1698; x_wconf 85' lang='lat' dir='ltr'>Aiacis</span> <span class='ocrx_word' id='word_1_96' title='bbox 391 1644 421 1695; x_wconf 87' lang='lat' dir='ltr'>et</span> <span class='ocrx_word' id='word_1_97' title='bbox 441 1631 541 1696; x_wconf 79' lang='lat' dir='ltr'>Ulixis</span> <span class='ocrx_word' id='word_1_98' title='bbox 571 1632 610 1697; x_wconf 87' lang='lat' dir='ltr'>de</span> <span class='ocrx_word' id='word_1_99' title='bbox 631 1631 771 1697; x_wconf 79' lang='lat' dir='ltr'>Palladio</span> <span class='ocrx_word' id='word_1_100' title='bbox 791 1639 989 1703; x_wconf 79' lang='lat' dir='ltr'>contentione</span> <span class='ocrx_word' id='word_1_101' title='bbox 1007 1637 1079 1700; x_wconf 79' lang='lat' dir='ltr'>fecit</span> <span class='ocrx_word' id='word_1_102' title='bbox 1100 1639 1193 1703; x_wconf 73' lang='lat' dir='ltr'>Aiax:</span> 
     </span>
     <span class='ocr_line' id='line_1_14' title="bbox 100 1725 1195 1819; baseline 0.006 -26"><span class='ocrx_word' id='word_1_103' title='bbox 100 1725 160 1793; x_wconf 77' lang='lat' dir='ltr'>nel</span> <span class='ocrx_word' id='word_1_104' title='bbox 177 1726 271 1796; x_wconf 75' lang='grc' dir='ltr'><strong><em>πάλιν</em></strong></span> <span class='ocrx_word' id='word_1_105' title='bbox 298 1729 430 1814; x_wconf 66' lang='grc' dir='ltr'><strong><em>ἐποίησα</em></strong></span> <span class='ocrx_word' id='word_1_106' title='bbox 452 1725 570 1816; x_wconf 73' lang='grc' dir='ltr'><strong><em>ἔφοδον</em></strong></span> <span class='ocrx_word' id='word_1_107' title='bbox 596 1727 651 1794; x_wconf 75' lang='lat' dir='ltr'>tat</span> <span class='ocrx_word' id='word_1_108' title='bbox 667 1726 723 1814; x_wconf 75' lang='grc' dir='ltr'>τὴν</span> <span class='ocrx_word' id='word_1_109' title='bbox 746 1730 849 1818; x_wconf 72' lang='grc' dir='ltr'><strong><em>πύλην</em></strong></span> <span class='ocrx_word' id='word_1_110' title='bbox 870 1736 930 1800; x_wconf 78' lang='grc' dir='ltr'><strong><em>τοῦ</em></strong></span> <span class='ocrx_word' id='word_1_111' title='bbox 950 1733 1068 1819; x_wconf 71' lang='grc' dir='ltr'><strong><em>Ἰλίου,</em></strong></span> <span class='ocrx_word' id='word_1_112' title='bbox 1098 1729 1195 1818; x_wconf 79' lang='grc' dir='ltr'><strong><em>μόνος</em></strong></span> 
     </span>
     <span class='ocr_line' id='line_1_15' title="bbox 102 1825 1195 1916; baseline 0.004 -20"><span class='ocrx_word' id='word_1_113' title='bbox 102 1829 219 1908; x_wconf 70' lang='grc' dir='ltr'><strong><em>διώξας</em></strong></span> <span class='ocrx_word' id='word_1_114' title='bbox 240 1827 316 1906; x_wconf 78' lang='grc' dir='ltr'>τούς</span> <span class='ocrx_word' id='word_1_115' title='bbox 339 1825 463 1913; x_wconf 69' lang='grc' dir='ltr'><strong><em>Τροίας,</em></strong></span> <span class='ocrx_word' id='word_1_116' title='bbox 487 1825 544 1896; x_wconf 70' lang='grc' dir='ltr'>καὶ</span> <span class='ocrx_word' id='word_1_117' title='bbox 562 1829 669 1905; x_wconf 73' lang='grc' dir='ltr'><strong><em>σώσας</em></strong></span> <span class='ocrx_word' id='word_1_118' title='bbox 693 1827 752 1906; x_wconf 78' lang='grc' dir='ltr'>τὰς</span> <span class='ocrx_word' id='word_1_119' title='bbox 774 1830 997 1914; x_wconf 68' lang='lat' dir='ltr'>vicentinus</span> <span class='ocrx_word' id='word_1_120' title='bbox 1017 1833 1195 1916; x_wconf 73' lang='grc' dir='ltr'>ι’μοῖνἜλ-</span> 
     </span>
     <span class='ocr_line' id='line_1_16' title="bbox 99 1922 1194 2016; baseline 0.002 -20"><span class='ocrx_word' id='word_1_121' title='bbox 99 1927 215 2012; x_wconf 76' lang='grc' dir='ltr'><em>λὴνων·</em></span> <span class='ocrx_word' id='word_1_122' title='bbox 255 1930 311 1994; x_wconf 78' lang='lat' dir='ltr'>nni</span> <span class='ocrx_word' id='word_1_123' title='bbox 333 1925 467 2004; x_wconf 74' lang='grc' dir='ltr'><strong><em>πολλοὺς</em></strong></span> <span class='ocrx_word' id='word_1_124' title='bbox 488 1930 552 1994; x_wconf 81' lang='lat' dir='ltr'>teir</span> <span class='ocrx_word' id='word_1_125' title='bbox 575 1926 693 2014; x_wconf 76' lang='grc' dir='ltr'><em>Τρώων</em></span> <span class='ocrx_word' id='word_1_126' title='bbox 714 1923 821 2014; x_wconf 75' lang='grc' dir='ltr'><strong><em>ἥρωας</em></strong></span> <span class='ocrx_word' id='word_1_127' title='bbox 842 1922 963 2016; x_wconf 71' lang='grc' dir='ltr'><em>ἄνδρας</em></span> <span class='ocrx_word' id='word_1_128' title='bbox 982 1929 1113 2016; x_wconf 64' lang='grc' dir='ltr'><strong><em>βαλών,</em></strong></span> <span class='ocrx_word' id='word_1_129' title='bbox 1136 1925 1194 1998; x_wconf 74' lang='lat' dir='ltr'>ode</span> 
     </span>
     <span class='ocr_line' id='line_1_17' title="bbox 99 2027 1192 2118; baseline 0.002 -22"><span class='ocrx_word' id='word_1_130' title='bbox 99 2027 257 2116; x_wconf 75' lang='grc' dir='ltr'>ε’τρώθην.</span> <span class='ocrx_word' id='word_1_131' title='bbox 299 2032 414 2097; x_wconf 79' lang='lat' dir='ltr'>Contra</span> <span class='ocrx_word' id='word_1_132' title='bbox 440 2051 480 2094; x_wconf 89' lang='lat' dir='ltr'>ue</span> <span class='ocrx_word' id='word_1_133' title='bbox 511 2049 620 2112; x_wconf 79' lang='lat' dir='ltr'>urgeas</span> <span class='ocrx_word' id='word_1_134' title='bbox 655 2031 750 2096; x_wconf 78' lang='lat' dir='ltr'>uerba</span> <span class='ocrx_word' id='word_1_135' title='bbox 773 2034 874 2096; x_wconf 78' lang='lat' dir='ltr'>Aiacis</span> <span class='ocrx_word' id='word_1_136' title='bbox 893 2034 976 2118; x_wconf 83' lang='lat' dir='ltr'>opud</span> <span class='ocrx_word' id='word_1_137' title='bbox 998 2035 1093 2102; x_wconf 78' lang='lat' dir='ltr'>Ovid-</span> <span class='ocrx_word' id='word_1_138' title='bbox 1116 2038 1192 2100; x_wconf 88' lang='lat' dir='ltr'>Met.</span> 
     </span>
     <span class='ocr_line' id='line_1_18' title="bbox 99 2131 1193 2222; baseline 0.003 -25"><span class='ocrx_word' id='word_1_139' title='bbox 99 2133 193 2197; x_wconf 89' lang='lat' dir='ltr'>Xlll.</span> <span class='ocrx_word' id='word_1_140' title='bbox 214 2155 245 2219; x_wconf 80' lang='lat'>7.</span> <span class='ocrx_word' id='word_1_141' title='bbox 271 2133 316 2196; x_wconf 77' lang='lat' dir='ltr'>Ar</span> <span class='ocrx_word' id='word_1_142' title='bbox 342 2151 402 2196; x_wconf 86' lang='lat' dir='ltr'>non</span> <span class='ocrx_word' id='word_1_143' title='bbox 426 2131 585 2194; x_wconf 72' lang='lat' dir='ltr'>Hectoreis</span> <span class='ocrx_word' id='word_1_144' title='bbox 602 2131 758 2196; x_wconf 80' lang='lat' dir='ltr'>drtditauit</span> <span class='ocrx_word' id='word_1_145' title='bbox 780 2134 886 2200; x_wconf 76' lang='lat' dir='ltr'>cedem</span> <span class='ocrx_word' id='word_1_146' title='bbox 908 2133 1073 2220; x_wconf 66' lang='grc' dir='ltr'><strong><em>βαωηοε</em></strong></span> <span class='ocrx_word' id='word_1_147' title='bbox 1105 2137 1193 2222; x_wconf 79' lang='lat' dir='ltr'>Quas</span> 
     </span>
     <span class='ocr_line' id='line_1_19' title="bbox 99 2230 826 2320; baseline -0.006 -24"><span class='ocrx_word' id='word_1_148' title='bbox 99 2255 157 2318; x_wconf 74' lang='lat' dir='ltr'>ego</span> <span class='ocrx_word' id='word_1_149' title='bbox 178 2235 326 2303; x_wconf 81' lang='lat' dir='ltr'>mstinui;</span> <span class='ocrx_word' id='word_1_150' title='bbox 347 2253 427 2320; x_wconf 79' lang='lat' dir='ltr'>quas</span> <span class='ocrx_word' id='word_1_151' title='bbox 450 2232 507 2296; x_wconf 80' lang='lat' dir='ltr'>tac</span> <span class='ocrx_word' id='word_1_152' title='bbox 532 2230 574 2296; x_wconf 84' lang='lat' dir='ltr'>ab</span> <span class='ocrx_word' id='word_1_153' title='bbox 594 2230 690 2294; x_wconf 78' lang='lat' dir='ltr'>classe</span> <span class='ocrx_word' id='word_1_154' title='bbox 698 2233 826 2313; x_wconf 79' lang='lat' dir='ltr'>sagari.</span> 
     </span>
    </p>

    <p class='ocr_par' dir='ltr' id='par_1_7' title="bbox 98 2329 1195 3318">
     <span class='ocr_line' id='line_1_20' title="bbox 186 2329 1194 2414; baseline 0.007 -20"><span class='ocrx_word' id='word_1_155' title='bbox 186 2329 356 2414; x_wconf 76' lang='lat' dir='ltr'>Hectorem)</span> <span class='ocrx_word' id='word_1_156' title='bbox 412 2330 575 2393; x_wconf 80' lang='lat' dir='ltr'><strong>Hectorem</strong></span> <span class='ocrx_word' id='word_1_157' title='bbox 600 2329 705 2413; x_wconf 74' lang='lat' dir='ltr'>sugere</span> <span class='ocrx_word' id='word_1_158' title='bbox 724 2331 805 2413; x_wconf 80' lang='lat' dir='ltr'>cogit</span> <span class='ocrx_word' id='word_1_159' title='bbox 826 2331 998 2398; x_wconf 79' lang='lat' dir='ltr'>Patroclus.</span> <span class='ocrx_word' id='word_1_160' title='bbox 1042 2333 1135 2398; x_wconf 90' lang='lat' dir='ltr'>Hom.</span> <span class='ocrx_word' id='word_1_161' title='bbox 1156 2334 1194 2402; x_wconf 80' lang='lat' dir='ltr'>tt.</span> 
     </span>
     <span class='ocr_line' id='line_1_21' title="bbox 98 2428 1194 2516; baseline -0.012 -20"><span class='ocrx_word' id='word_1_162' title='bbox 98 2428 190 2500; x_wconf 74' lang='lat' dir='ltr'>xvi.</span> <span class='ocrx_word' id='word_1_163' title='bbox 214 2429 287 2496; x_wconf 79' lang='lat'>368.</span> <span class='ocrx_word' id='word_1_164' title='bbox 337 2429 399 2494; x_wconf 89' lang='lat' dir='ltr'>Sed</span> <span class='ocrx_word' id='word_1_165' title='bbox 421 2429 496 2492; x_wconf 87' lang='lat' dir='ltr'>haee</span> <span class='ocrx_word' id='word_1_166' title='bbox 517 2429 655 2492; x_wconf 81' lang='lat' dir='ltr'>Hectoris</span> <span class='ocrx_word' id='word_1_167' title='bbox 689 2439 720 2490; x_wconf 88' lang='lat' dir='ltr'>et</span> <span class='ocrx_word' id='word_1_168' title='bbox 745 2430 847 2492; x_wconf 83' lang='lat' dir='ltr'>Aiacis</span> <span class='ocrx_word' id='word_1_169' title='bbox 865 2453 968 2516; x_wconf 75' lang='lat' dir='ltr'>pugna</span> <span class='ocrx_word' id='word_1_170' title='bbox 991 2453 1026 2496; x_wconf 85' lang='lat' dir='ltr'>ex</span> <span class='ocrx_word' id='word_1_171' title='bbox 1046 2433 1107 2498; x_wconf 87' lang='lat' dir='ltr'>elio</span> <span class='ocrx_word' id='word_1_172' title='bbox 1127 2433 1194 2496; x_wconf 89' lang='lat' dir='ltr'>Ho.</span> 
     </span>
     <span class='ocr_line' id='line_1_22' title="bbox 100 2525 1195 2614; baseline 0.004 -22"><span class='ocrx_word' id='word_1_173' title='bbox 100 2533 181 2594; x_wconf 85' lang='lat' dir='ltr'>meri</span> <span class='ocrx_word' id='word_1_174' title='bbox 198 2525 284 2608; x_wconf 87' lang='lat' dir='ltr'>locu,</span> <span class='ocrx_word' id='word_1_175' title='bbox 308 2551 343 2592; x_wconf 90' lang='lat' dir='ltr'>ex</span> <span class='ocrx_word' id='word_1_176' title='bbox 364 2530 505 2596; x_wconf 76' lang='lat' dir='ltr'>Hectoris</span> <span class='ocrx_word' id='word_1_177' title='bbox 526 2540 557 2592; x_wconf 89' lang='lat' dir='ltr'>ct</span> <span class='ocrx_word' id='word_1_178' title='bbox 571 2530 670 2592; x_wconf 80' lang='lat' dir='ltr'>Aiacis</span> <span class='ocrx_word' id='word_1_179' title='bbox 689 2529 902 2594; x_wconf 79' lang='lat' dir='ltr'>monomachia</span> <span class='ocrx_word' id='word_1_180' title='bbox 924 2531 961 2594; x_wconf 91' lang='lat' dir='ltr'>ll.</span> <span class='ocrx_word' id='word_1_181' title='bbox 980 2531 1050 2594; x_wconf 92' lang='lat' dir='ltr'>Vll.</span> <span class='ocrx_word' id='word_1_182' title='bbox 1072 2531 1121 2596; x_wconf 79' lang='lat' dir='ltr'>rel</span> <span class='ocrx_word' id='word_1_183' title='bbox 1138 2553 1195 2614; x_wconf 86' lang='lat' dir='ltr'>po·</span> 
     </span>
     <span class='ocr_line' id='line_1_23' title="bbox 100 2627 1194 2714; baseline 0.005 -24"><span class='ocrx_word' id='word_1_184' title='bbox 100 2633 163 2696; x_wconf 89' lang='lat' dir='ltr'>tius</span> <span class='ocrx_word' id='word_1_185' title='bbox 181 2651 218 2692; x_wconf 85' lang='lat' dir='ltr'>ex</span> <span class='ocrx_word' id='word_1_186' title='bbox 245 2629 339 2694; x_wconf 82' lang='lat' dir='ltr'>simili</span> <span class='ocrx_word' id='word_1_187' title='bbox 358 2651 463 2714; x_wconf 82' lang='lat' dir='ltr'>pugne</span> <span class='ocrx_word' id='word_1_188' title='bbox 482 2629 560 2690; x_wconf 86' lang='lat' dir='ltr'>inter</span> <span class='ocrx_word' id='word_1_189' title='bbox 589 2627 713 2691; x_wconf 87' lang='lat' dir='ltr'>eosdem</span> <span class='ocrx_word' id='word_1_190' title='bbox 732 2627 841 2692; x_wconf 89' lang='lat' dir='ltr'>heroas</span> <span class='ocrx_word' id='word_1_191' title='bbox 863 2627 900 2698; x_wconf 87' lang='lat' dir='ltr'>ll.</span> <span class='ocrx_word' id='word_1_192' title='bbox 924 2630 1012 2696; x_wconf 84' lang='lat' dir='ltr'>xtV.</span> <span class='ocrx_word' id='word_1_193' title='bbox 1037 2629 1110 2712; x_wconf 68' lang='lat' dir='ltr'>don.</span> <span class='ocrx_word' id='word_1_194' title='bbox 1132 2631 1194 2696; x_wconf 85' lang='lat' dir='ltr'>huc</span> 
     </span>
     <span class='ocr_line' id='line_1_24' title="bbox 99 2722 1195 2817; baseline 0 -25"><span class='ocrx_word' id='word_1_195' title='bbox 99 2731 248 2794; x_wconf 77' lang='lat' dir='ltr'>translato</span> <span class='ocrx_word' id='word_1_196' title='bbox 268 2751 287 2794; x_wconf 84' lang='grc' dir='ltr'><strong><em>ο</em></strong></span> <span class='ocrx_word' id='word_1_197' title='bbox 307 2731 419 2816; x_wconf 77' lang='lat' dir='ltr'>Dictys</span> <span class='ocrx_word' id='word_1_198' title='bbox 438 2741 495 2794; x_wconf 87' lang='lat' dir='ltr'>est.</span> <span class='ocrx_word' id='word_1_199' title='bbox 515 2763 554 2778; x_wconf 82' lang='lat'>-</span> <span class='ocrx_word' id='word_1_200' title='bbox 575 2731 665 2805; x_wconf 79' lang='lat' dir='ltr'>ictum</span> <span class='ocrx_word' id='word_1_201' title='bbox 680 2729 922 2805; x_wconf 67' lang='lat' dir='ltr'>tornantem)</span> <span class='ocrx_word' id='word_1_202' title='bbox 964 2729 999 2798; x_wconf 90' lang='lat' dir='ltr'>ll.</span> <span class='ocrx_word' id='word_1_203' title='bbox 1021 2722 1195 2817; x_wconf 69' lang='lat' dir='ltr'>XlV.409.</span> 
     </span>
     <span class='ocr_line' id='line_1_25' title="bbox 101 2829 1194 2914; baseline -0.002 -20"><span class='ocrx_word' id='word_1_204' title='bbox 101 2832 144 2894; x_wconf 85' lang='lat' dir='ltr'>ci.</span> <span class='ocrx_word' id='word_1_205' title='bbox 167 2833 238 2896; x_wconf 85' lang='lat' dir='ltr'>Vll.</span> <span class='ocrx_word' id='word_1_206' title='bbox 263 2830 336 2914; x_wconf 72' lang='lat'>264.</span> <span class='ocrx_word' id='word_1_207' title='bbox 369 2863 409 2878; x_wconf 90' lang='lat'><em>-</em></span> <span class='ocrx_word' id='word_1_208' title='bbox 428 2843 636 2894; x_wconf 78' lang='lat' dir='ltr'>concurrentes</span> <span class='ocrx_word' id='word_1_209' title='bbox 656 2829 787 2914; x_wconf 63' lang='lat' dir='ltr'>turdique</span> <span class='ocrx_word' id='word_1_210' title='bbox 803 2830 951 2914; x_wconf 75' lang='lat' dir='ltr'>plurimi)</span> <span class='ocrx_word' id='word_1_211' title='bbox 993 2829 1109 2914; x_wconf 82' lang='lat' dir='ltr'>Nempe</span> <span class='ocrx_word' id='word_1_212' title='bbox 1131 2831 1194 2892; x_wconf 92' lang='lat' dir='ltr'>Po·</span> 
     </span>
     <span class='ocr_line' id='line_1_26' title="bbox 100 2926 1194 3018; baseline -0.004 -22"><span class='ocrx_word' id='word_1_213' title='bbox 100 2931 261 3018; x_wconf 74' lang='lat' dir='ltr'>lydnmn,</span> <span class='ocrx_word' id='word_1_214' title='bbox 284 2933 419 3012; x_wconf 81' lang='lat' dir='ltr'>Aeneas,</span> <span class='ocrx_word' id='word_1_215' title='bbox 441 2934 581 3016; x_wconf 74' lang='lat' dir='ltr'>Agenor,</span> <span class='ocrx_word' id='word_1_216' title='bbox 612 2927 789 3014; x_wconf 84' lang='lat' dir='ltr'>Sarpedon,</span> <span class='ocrx_word' id='word_1_217' title='bbox 817 2926 970 3011; x_wconf 87' lang='lat' dir='ltr'>Glaucus,</span> <span class='ocrx_word' id='word_1_218' title='bbox 991 2931 1044 3014; x_wconf 87' lang='lat' dir='ltr'>qui</span> <span class='ocrx_word' id='word_1_219' title='bbox 1066 2951 1136 2992; x_wconf 88' lang='lat' dir='ltr'>eum</span> <span class='ocrx_word' id='word_1_220' title='bbox 1157 2951 1194 2992; x_wconf 80' lang='lat' dir='ltr'>eu</span> 
     </span>
     <span class='ocr_line' id='line_1_27' title="bbox 100 3025 1192 3116; baseline 0.002 -22"><span class='ocrx_word' id='word_1_221' title='bbox 100 3031 166 3094; x_wconf 82' lang='lat' dir='ltr'>acie</span> <span class='ocrx_word' id='word_1_222' title='bbox 185 3043 314 3116; x_wconf 73' lang='lat' dir='ltr'>gestent.</span> <span class='ocrx_word' id='word_1_223' title='bbox 336 3032 426 3094; x_wconf 89' lang='lat' dir='ltr'>Hom.</span> <span class='ocrx_word' id='word_1_224' title='bbox 448 3027 487 3092; x_wconf 87' lang='lat' dir='ltr'>ll.</span> <span class='ocrx_word' id='word_1_225' title='bbox 510 3029 597 3094; x_wconf 85' lang='lat' dir='ltr'><strong>XIV.</strong></span> <span class='ocrx_word' id='word_1_226' title='bbox 621 3025 694 3110; x_wconf 67' lang='lat'>425.</span> <span class='ocrx_word' id='word_1_227' title='bbox 738 3029 777 3094; x_wconf 83' lang='lat' dir='ltr'>tn</span> <span class='ocrx_word' id='word_1_228' title='bbox 796 3025 896 3092; x_wconf 82' lang='lat' dir='ltr'>alteru</span> <span class='ocrx_word' id='word_1_229' title='bbox 918 3050 1019 3114; x_wconf 68' lang='lat' dir='ltr'>pugna</span> <span class='ocrx_word' id='word_1_230' title='bbox 1042 3027 1096 3105; x_wconf 82' lang='lat' dir='ltr'>(ll.</span> <span class='ocrx_word' id='word_1_231' title='bbox 1122 3029 1192 3096; x_wconf 93' lang='lat' dir='ltr'>Vll.</span> 
     </span>
     <span class='ocr_line' id='line_1_28' title="bbox 100 3128 1193 3220; baseline -0.006 -24"><span class='ocrx_word' id='word_1_232' title='bbox 100 3131 190 3218; x_wconf 71' lang='lat'>274.)</span> <span class='ocrx_word' id='word_1_233' title='bbox 213 3152 376 3220; x_wconf 76' lang='lat' dir='ltr'>pmeoones</span> <span class='ocrx_word' id='word_1_234' title='bbox 394 3131 435 3192; x_wconf 86' lang='lat' dir='ltr'>ab</span> <span class='ocrx_word' id='word_1_235' title='bbox 460 3140 592 3214; x_wconf 86' lang='lat' dir='ltr'>utraque</span> <span class='ocrx_word' id='word_1_236' title='bbox 616 3128 680 3192; x_wconf 89' lang='lat' dir='ltr'>ucie</span> <span class='ocrx_word' id='word_1_237' title='bbox 702 3130 785 3196; x_wconf 88' lang='lat' dir='ltr'>missi</span> <span class='ocrx_word' id='word_1_238' title='bbox 805 3149 825 3192; x_wconf 87' lang='lat' dir='ltr'>o</span> <span class='ocrx_word' id='word_1_239' title='bbox 845 3129 1009 3194; x_wconf 73' lang='lat' dir='ltr'>certamine</span> <span class='ocrx_word' id='word_1_240' title='bbox 1029 3137 1193 3213; x_wconf 87' lang='lat' dir='ltr'>utrumque</span> 
     </span>
     <span class='ocr_line' id='line_1_29' title="bbox 98 3231 636 3318; baseline -0.011 -22"><span class='ocrx_word' id='word_1_241' title='bbox 98 3241 225 3310; x_wconf 85' lang='lat' dir='ltr'>arcent,</span> <span class='ocrx_word' id='word_1_242' title='bbox 246 3234 319 3318; x_wconf 69' lang='lat' dir='ltr'>quia</span> <span class='ocrx_word' id='word_1_243' title='bbox 339 3253 400 3298; x_wconf 80' lang='lat' dir='ltr'>nox</span> <span class='ocrx_word' id='word_1_244' title='bbox 419 3231 636 3294; x_wconf 82' lang='lat' dir='ltr'>intervenerat.</span> 
     </span>
    </p>

    <p class='ocr_par' dir='ltr' id='par_1_8' title="bbox 99 3327 1194 3620">
     <span class='ocr_line' id='line_1_30' title="bbox 185 3327 1194 3416; baseline -0.004 -20"><span class='ocrx_word' id='word_1_245' title='bbox 185 3333 327 3398; x_wconf 80' lang='lat' dir='ltr'>Ceterum</span> <span class='ocrx_word' id='word_1_246' title='bbox 347 3331 441 3396; x_wconf 76' lang='lat' dir='ltr'>Aiax</span> <span class='ocrx_word' id='word_1_247' title='bbox 461 3327 536 3416; x_wconf 88' lang='lat' dir='ltr'>cet.)</span> <span class='ocrx_word' id='word_1_248' title='bbox 577 3329 667 3413; x_wconf 87' lang='lat' dir='ltr'>Apud</span> <span class='ocrx_word' id='word_1_249' title='bbox 687 3329 779 3396; x_wconf 88' lang='lat' dir='ltr'>Hom.</span> <span class='ocrx_word' id='word_1_250' title='bbox 803 3329 904 3393; x_wconf 86' lang='lat' dir='ltr'>stetim</span> <span class='ocrx_word' id='word_1_251' title='bbox 925 3331 1064 3414; x_wconf 85' lang='lat' dir='ltr'>sequitur</span> <span class='ocrx_word' id='word_1_252' title='bbox 1083 3329 1194 3394; x_wconf 84' lang='lat' dir='ltr'>Patro-</span> 
     </span>
     <span class='ocr_line' id='line_1_31' title="bbox 99 3427 1194 3520; baseline -0.004 -24"><span class='ocrx_word' id='word_1_253' title='bbox 99 3431 141 3496; x_wconf 92' lang='lat' dir='ltr'>cli</span> <span class='ocrx_word' id='word_1_254' title='bbox 162 3453 235 3495; x_wconf 89' lang='lat' dir='ltr'>cum</span> <span class='ocrx_word' id='word_1_255' title='bbox 254 3431 429 3520; x_wconf 78' lang='lat' dir='ltr'>Sarpedone</span> <span class='ocrx_word' id='word_1_256' title='bbox 448 3441 604 3494; x_wconf 75' lang='lat' dir='ltr'>cet-tumen</span> <span class='ocrx_word' id='word_1_257' title='bbox 625 3440 656 3492; x_wconf 89' lang='lat' dir='ltr'>et</span> <span class='ocrx_word' id='word_1_258' title='bbox 674 3450 756 3494; x_wconf 84' lang='lat' dir='ltr'>mors</span> <span class='ocrx_word' id='word_1_259' title='bbox 778 3429 973 3516; x_wconf 81' lang='lat' dir='ltr'>Sarpedonis,</span> <span class='ocrx_word' id='word_1_260' title='bbox 994 3427 1033 3492; x_wconf 88' lang='lat' dir='ltr'>de</span> <span class='ocrx_word' id='word_1_261' title='bbox 1052 3448 1114 3514; x_wconf 84' lang='lat' dir='ltr'>quo</span> <span class='ocrx_word' id='word_1_262' title='bbox 1135 3449 1194 3492; x_wconf 90' lang='lat' dir='ltr'>no·</span> 
     </span>
     <span class='ocr_line' id='line_1_32' title="bbox 100 3535 1004 3620; baseline 0 -24"><span class='ocrx_word' id='word_1_263' title='bbox 100 3544 166 3598; x_wconf 86' lang='lat' dir='ltr'>ster</span> <span class='ocrx_word' id='word_1_264' title='bbox 188 3536 243 3598; x_wconf 83' lang='lat'>111.</span> <span class='ocrx_word' id='word_1_265' title='bbox 268 3555 299 3620; x_wconf 74' lang='lat'>7·</span> <span class='ocrx_word' id='word_1_266' title='bbox 998 3535 1004 3546; x_wconf 92' lang='lat'>&#39;</span> 
     </span>
    </p>

    <p class='ocr_par' dir='ltr' id='par_1_9' title="bbox 98 3628 1194 4320">
     <span class='ocr_line' id='line_1_33' title="bbox 185 3628 1193 3718; baseline -0.006 -22"><span class='ocrx_word' id='word_1_267' title='bbox 185 3631 311 3698; x_wconf 77' lang='lat' dir='ltr'>Priami</span> <span class='ocrx_word' id='word_1_268' title='bbox 326 3631 493 3718; x_wconf 71' lang='lat' dir='ltr'>filiorum)</span> <span class='ocrx_word' id='word_1_269' title='bbox 547 3630 644 3694; x_wconf 89' lang='lat' dir='ltr'>lidcm</span> <span class='ocrx_word' id='word_1_270' title='bbox 664 3630 867 3694; x_wconf 81' lang='lat' dir='ltr'>nominentur</span> <span class='ocrx_word' id='word_1_271' title='bbox 896 3628 1038 3713; x_wconf 85' lang='lat' dir='ltr'>Apollod.</span> <span class='ocrx_word' id='word_1_272' title='bbox 1058 3629 1117 3691; x_wconf 89' lang='lat' dir='ltr'>ill.</span> <span class='ocrx_word' id='word_1_273' title='bbox 1146 3649 1193 3698; x_wconf 82' lang='lat' dir='ltr'>ru.</span> 
     </span>
     <span class='ocr_line' id='line_1_34' title="bbox 100 3729 1193 3800; baseline -0.005 -4"><span class='ocrx_word' id='word_1_274' title='bbox 100 3731 133 3800; x_wconf 83' lang='lat'>5.</span> <span class='ocrx_word' id='word_1_275' title='bbox 176 3733 326 3796; x_wconf 83' lang='lat' dir='ltr'>Pommoo</span> <span class='ocrx_word' id='word_1_276' title='bbox 360 3743 391 3794; x_wconf 89' lang='lat' dir='ltr'>et</span> <span class='ocrx_word' id='word_1_277' title='bbox 411 3731 525 3794; x_wconf 91' lang='lat' dir='ltr'>Polites</span> <span class='ocrx_word' id='word_1_278' title='bbox 547 3733 659 3794; x_wconf 75' lang='lat' dir='ltr'>vivunt</span> <span class='ocrx_word' id='word_1_279' title='bbox 680 3729 772 3798; x_wconf 87' lang='lat' dir='ltr'>Hom.</span> <span class='ocrx_word' id='word_1_280' title='bbox 797 3729 832 3796; x_wconf 92' lang='lat' dir='ltr'>ll.</span> <span class='ocrx_word' id='word_1_281' title='bbox 852 3729 1075 3794; x_wconf 73' lang='lat' dir='ltr'>xxrv;250=</span> <span class='ocrx_word' id='word_1_282' title='bbox 1111 3739 1141 3790; x_wconf 88' lang='lat' dir='ltr'>et</span> <span class='ocrx_word' id='word_1_283' title='bbox 1162 3730 1193 3790; x_wconf 93' lang='lat' dir='ltr'>in</span> 
     </span>
     <span class='ocr_line' id='line_1_35' title="bbox 98 3827 1192 3914; baseline -0.002 -20"><span class='ocrx_word' id='word_1_284' title='bbox 98 3831 213 3896; x_wconf 79' lang='lat' dir='ltr'>Troiae</span> <span class='ocrx_word' id='word_1_285' title='bbox 235 3831 360 3896; x_wconf 85' lang='lat' dir='ltr'>demum</span> <span class='ocrx_word' id='word_1_286' title='bbox 385 3832 527 3895; x_wconf 88' lang='lat' dir='ltr'>inccndio</span> <span class='ocrx_word' id='word_1_287' title='bbox 546 3828 662 3894; x_wconf 82' lang='lat' dir='ltr'>cadunt</span> <span class='ocrx_word' id='word_1_288' title='bbox 680 3851 699 3894; x_wconf 83' lang='lat' dir='ltr'>e</span> <span class='ocrx_word' id='word_1_289' title='bbox 719 3829 918 3914; x_wconf 86' lang='lat' dir='ltr'>Neoptolemo</span> <span class='ocrx_word' id='word_1_290' title='bbox 939 3830 1049 3908; x_wconf 89' lang='lat' dir='ltr'>Quint.</span> <span class='ocrx_word' id='word_1_291' title='bbox 1070 3827 1192 3912; x_wconf 80' lang='lat' dir='ltr'>Smyrn.</span> 
     </span>
     <span class='ocr_line' id='line_1_36' title="bbox 100 3919 1192 4018; baseline -0.005 -22"><span class='ocrx_word' id='word_1_292' title='bbox 100 3933 190 3996; x_wconf 83' lang='lat' dir='ltr'>Xlll.</span> <span class='ocrx_word' id='word_1_293' title='bbox 214 3933 300 4010; x_wconf 78' lang='lat'>2133</span> <span class='ocrx_word' id='word_1_294' title='bbox 325 3929 433 4018; x_wconf 74' lang='lat' dir='ltr'>virgil.</span> <span class='ocrx_word' id='word_1_295' title='bbox 457 3933 534 3994; x_wconf 85' lang='lat' dir='ltr'>Aen.</span> <span class='ocrx_word' id='word_1_296' title='bbox 557 3935 596 4000; x_wconf 88' lang='lat' dir='ltr'>ll.</span> <span class='ocrx_word' id='word_1_297' title='bbox 618 3929 690 3993; x_wconf 81' lang='lat'>526.</span> <span class='ocrx_word' id='word_1_298' title='bbox 733 3919 886 4013; x_wconf 76' lang='lat' dir='ltr'>Antiphus</span> <span class='ocrx_word' id='word_1_299' title='bbox 904 3927 944 3988; x_wconf 90' lang='lat' dir='ltr'>ab</span> <span class='ocrx_word' id='word_1_300' title='bbox 964 3929 1192 4010; x_wconf 76' lang='lat' dir='ltr'>Agamemnone</span> 
     </span>
     <span class='ocr_line' id='line_1_37' title="bbox 98 4026 1194 4109; baseline -0.007 -13"><span class='ocrx_word' id='word_1_301' title='bbox 98 4033 251 4098; x_wconf 82' lang='lat' dir='ltr'>occiditur</span> <span class='ocrx_word' id='word_1_302' title='bbox 271 4033 361 4094; x_wconf 85' lang='lat' dir='ltr'>Hom.</span> <span class='ocrx_word' id='word_1_303' title='bbox 391 4031 430 4094; x_wconf 88' lang='lat' dir='ltr'>ll.</span> <span class='ocrx_word' id='word_1_304' title='bbox 453 4031 508 4094; x_wconf 86' lang='lat' dir='ltr'>Xl.</span> <span class='ocrx_word' id='word_1_305' title='bbox 535 4053 601 4092; x_wconf 83' lang='lat' dir='ltr'>rur.</span> <span class='ocrx_word' id='word_1_306' title='bbox 657 4031 822 4092; x_wconf 80' lang='lat' dir='ltr'>ntestorem</span> <span class='ocrx_word' id='word_1_307' title='bbox 851 4027 935 4088; x_wconf 84' lang='lat' dir='ltr'>bello</span> <span class='ocrx_word' id='word_1_308' title='bbox 960 4049 1080 4090; x_wconf 86' lang='lat' dir='ltr'>caesum</span> <span class='ocrx_word' id='word_1_309' title='bbox 1111 4026 1194 4109; x_wconf 80' lang='lat' dir='ltr'>luget</span> 
     </span>
     <span class='ocr_line' id='line_1_38' title="bbox 101 4127 1193 4212; baseline -0.007 -16"><span class='ocrx_word' id='word_1_310' title='bbox 101 4133 247 4196; x_wconf 84' lang='lat' dir='ltr'>Priamus</span> <span class='ocrx_word' id='word_1_311' title='bbox 269 4133 360 4198; x_wconf 85' lang='lat' dir='ltr'>Hom.</span> <span class='ocrx_word' id='word_1_312' title='bbox 385 4131 419 4194; x_wconf 92' lang='lat' dir='ltr'>ll.</span> <span class='ocrx_word' id='word_1_313' title='bbox 444 4133 560 4194; x_wconf 81' lang='lat' dir='ltr'>XXIV.</span> <span class='ocrx_word' id='word_1_314' title='bbox 583 4133 655 4212; x_wconf 77' lang='lat'>²37·</span> <span class='ocrx_word' id='word_1_315' title='bbox 683 4127 880 4192; x_wconf 74' lang='lat' dir='ltr'>clandestina</span> <span class='ocrx_word' id='word_1_316' title='bbox 909 4129 940 4188; x_wconf 90' lang='lat' dir='ltr'>in</span> <span class='ocrx_word' id='word_1_317' title='bbox 964 4127 1095 4188; x_wconf 81' lang='lat' dir='ltr'>Graecos</span> <span class='ocrx_word' id='word_1_318' title='bbox 1113 4127 1193 4188; x_wconf 85' lang='lat' dir='ltr'>irru-</span> 
     </span>
     <span class='ocr_line' id='line_1_39' title="bbox 99 4225 1192 4320; baseline -0.008 -22"><span class='ocrx_word' id='word_1_319' title='bbox 99 4233 207 4320; x_wconf 89' lang='lat' dir='ltr'>ptione</span> <span class='ocrx_word' id='word_1_320' title='bbox 217 4236 382 4300; x_wconf 86' lang='lat' dir='ltr'>Mestorcm</span> <span class='ocrx_word' id='word_1_321' title='bbox 393 4231 546 4316; x_wconf 84' lang='lat' dir='ltr'>cecidisse,</span> <span class='ocrx_word' id='word_1_322' title='bbox 560 4231 671 4296; x_wconf 88' lang='lat' dir='ltr'>aitDio</span> <span class='ocrx_word' id='word_1_323' title='bbox 678 4229 835 4316; x_wconf 76' lang='lat' dir='ltr'>chrysost.</span> <span class='ocrx_word' id='word_1_324' title='bbox 847 4251 879 4316; x_wconf 89' lang='lat' dir='ltr'>p.</span> <span class='ocrx_word' id='word_1_325' title='bbox 892 4225 962 4297; x_wconf 75' lang='lat'>558.</span> <span class='ocrx_word' id='word_1_326' title='bbox 972 4227 1043 4294; x_wconf 89' lang='lat' dir='ltr'>Vol.</span> <span class='ocrx_word' id='word_1_327' title='bbox 1053 4229 1077 4294; x_wconf 87' lang='lat'>1.</span> <span class='ocrx_word' id='word_1_328' title='bbox 1088 4225 1192 4291; x_wconf 79' lang='lat' dir='ltr'>Roisl.</span> 
     </span>
    </p>
   </div>
   <div class='ocr_carea' id='block_1_5' title="bbox 0 0 1388 4690">
    <p class='ocr_par' dir='ltr' id='par_1_10' title="bbox 0 0 1388 4690">
     <span class='ocr_line' id='line_1_40' title="bbox 0 0 1388 4690; baseline 0 0"><span class='ocrx_word' id='word_1_329' title='bbox 0 0 1388 4690; x_wconf 95' lang='lat' dir='ltr'> </span> 
     </span>
    </p>
   </div>
  </div>
 </body>
</html>
