2698 4688
255 357 362 410 xxvia
493 340 497 352 '
704 354 943 408 raraooecno.

255 545 313 629 lige
333 543 433 606 multis
459 545 488 605 in
510 542 622 616 rebus,
642 540 682 602 ab
705 540 757 604 illo
775 563 808 602 ex
829 553 933 604 nostro
955 541 1065 624 petitis.
1104 539 1153 600 Ut.
1176 537 1239 600 alia
1258 557 1269 600 s

253 665 317 714 tam
338 657 425 733 (quae
444 667 499 710 suo
520 645 592 743 loeo
607 648 638 707 in
659 647 752 708 Obss.
777 647 855 708 Hist.
876 649 1060 730 tangentur),
1081 645 1130 707 vel
1146 645 1269 705 eboraci

256 759 384 820 beronm
416 757 602 816 Graecorum
629 763 660 814 et
678 753 881 815 Troianorum
902 772 1066 836 eorumque
1085 752 1269 814 foeminarut

255 866 404 941 tiliarum,
425 862 565 943 ipsosque
586 871 618 922 et
637 859 792 939 ordinem,
820 881 881 944 quo
900 860 1152 942 perscribuntur,
1189 860 1269 918 Dare

254 972 364 1053 Dictys
391 967 554 1046 desumsit3
583 969 627 1026 ita
652 965 793 1047 quidem,
825 978 860 1028 ut
889 967 1035 1028 attributa
1064 963 1161 1026 multa
1186 968 1269 1026 omis

256 1071 404 1139 nonnulla
426 1073 465 1134 de
486 1093 543 1134 suo
566 1072 733 1148 addiderit,
767 1083 797 1134 et
816 1075 940 1136 omnino
960 1072 1018 1136 bae
1039 1076 1070 1134 io
1092 1093 1126 1134 re
1146 1075 1187 1134 sit
1207 1083 1269 1132 teni

261 1183 413 1262 Compara
440 1177 530 1240 modo
560 1179 746 1240 ebameteres
778 1179 859 1262 apud
883 1181 988 1242 Daret.
1011 1199 1039 1239 c.
1067 1201 1114 1241 12.
1137 1188 1169 1240 et
1199 1180 1250 1238 ιδ’.

259 1289 306 1366 iis,
327 1306 404 1368 quos
424 1307 459 1346 ex
481 1284 590 1368 Dietye
609 1284 805 1346 reddiderunt
826 1285 950 1348 Malelas
969 1295 1000 1348 et
1020 1287 1140 1348 lamnas
1161 1283 1269 1366 Porph

259 1401 376 1476 geneta
420 1391 470 1452 Cf.
492 1391 649 1458 Constant.
672 1393 824 1452 Manassae
846 1412 878 1474 p.
900 1413 950 1454 ao.
972 1392 1097 1474 Seriptt.
1115 1392 1190 1474 Byz.
1206 1393 1269 1456 TA

258 1501 313 1563 uu
336 1481 488 1570 suanae,
519 1509 550 1558 a
568 1495 707 1558 sranius
727 1496 766 1559 aa
787 1494 947 1565 cuuasan.
967 1517 998 1580 p.
1019 1496 1110 1581 774„
1137 1497 1193 1558 uu
1215 1497 1269 1560 aa

260 1609 356 1670 ferma
380 1627 396 1666 a
418 1603 558 1666 Guidone
578 1624 612 1664 ex
633 1605 741 1686 Dictye
761 1604 952 1695 describitur.

301 1795 303 1800 Ι
343 1710 540 1786 Philostrato,
556 1715 609 1792 qui
628 1710 757 1772 Hernica
778 1711 905 1792 scripsit,
928 1709 1009 1773 haud
1030 1731 1126 1794 pausa
1146 1731 1218 1772 eum
1234 1712 1269 1772 Di

265 1831 333 1884 sunt
353 1820 538 1898 communia,
558 1821 590 1878 in
612 1821 698 1879 vanis
712 1821 890 1880 commentis
911 1818 1063 1880 simillima
1079 1819 1200 1901 utrique
1212 1819 1269 1878 ind

259 1911 297 1990 iu
318 1925 421 1988 multis
440 1927 537 2008 ipsum
563 1925 675 2008 Dietyn
705 1935 846 2007 superat,
876 1946 967 2008 quem
996 1928 1076 1988 viam
1104 1928 1131 1986 ei
1160 1936 1269 1988 moesti

260 2045 391 2120 potares.
431 2031 574 2094 Attamen
598 2031 766 2094 adhibitum
786 2031 825 2094 ab
849 2029 903 2092 illo
925 2033 1037 2114 Dietyn
1059 2031 1151 2094 fuisse
1176 2051 1269 2092 noos

262 2139 424 2218 moverim
456 2158 526 2200 nam
548 2137 575 2199 si
596 2132 747 2217 novisset,
777 2138 843 2213 vix,
872 2159 941 2200 eum
961 2149 1060 2200 terrae
1078 2150 1179 2200 motus
1198 2139 1269 2200 in(

263 2249 340 2339 faeti¹
354 2246 507 2323 meminit,
529 2243 647 2306 silentio
668 2242 1072 2326 praetermisisset·fabulam
1100 2244 1139 2306 de
1166 2246 1269 2304 invent

264 2354 395 2436 Diotyis,
415 2359 577 2435 quartam
600 2360 682 2412 arete
701 2371 771 2414 eum
793 2349 847 2414 illo
867 2362 966 2414 terrae
987 2362 1073 2413 motu
1092 2352 1251 2413 coniuncta

264 2459 321 2522 nisi
341 2477 407 2520 eam
427 2467 463 2520 ut
483 2459 616 2540 ineptam
639 2455 775 2518 consulto
795 2459 928 2520 omisisse
947 2459 1169 2522 existimaveris.

346 2561 553 2627 Ptolemaeum
583 2563 814 2646 Hephaestionis
831 2563 927 2626 filium
947 2585 1009 2626 non
1029 2561 1129 2628 solnm
1147 2568 1265 2628 novisse

267 2683 359 2756 etyn,
378 2691 486 2734 verum
506 2673 596 2732 etiam
616 2669 756 2732 manibus
776 2673 894 2733 trivisse
912 2670 1069 2753 probabile
1089 2683 1152 2736 est:
1188 2684 1233 2734 ter
1260 2693 1269 2736 r

265 2789 410 2862 quaterve
428 2797 499 2840 eum
518 2780 646 2861 respexit
666 2778 699 2840 in
717 2776 958 2855 narrationibus,
981 2799 1058 2860 quae
1078 2780 1185 2864 Dietye
1201 2783 1250 2840 vix
1268 2829 1269 2836 ,

266 2886 467 2968 antiquiores,
490 2907 510 2948 a
536 2883 647 2948 Mateta
666 2897 789 2963 antem,
820 2883 957 2948 oedrem
977 2895 1008 2949 et
1026 2885 1135 2948 Taetza
1153 2887 1191 2948 ad
1212 2887 1269 2948 reri

267 3015 304 3056 ex
318 3013 355 3054 eo
377 2995 531 3074 repetitae.
573 2993 769 3070 Detrectaota
787 3011 894 3075 nempe
915 2992 1139 3073 Agamemnone
1157 2993 1269 3078 lpbiges

267 3098 361 3160 liliam
391 3097 567 3175 immolare,
598 3108 702 3159 narrat
720 3094 911 3160 Ptolemaeus
931 3096 984 3161 lib.
1005 3098 1065 3178 V.‚
1096 3095 1269 3178 o’pyrodirre

271 3204 403 3282 fflqser
425 3201 591 3284 dorlitone
609 3199 710 3264 ositeri
729 3198 766 3262 τὸ
786 3197 902 3282 κράτος
923 3198 978 3264 καὶ
996 3203 1185 3285 κατέστησαν
1206 3205 1269 3282 duo

271 3303 482 3390 Παλαμήδην.
524 3308 640 3372 Eadem
666 3329 702 3370 ex
729 3308 846 3392 Dietyis
872 3307 927 3370 lib.
948 3311 972 3372 1.
1002 3331 1049 3394 ¹9·
1071 3320 1191 3372 narrant
1216 3307 1269 3370 Mai

269 3441 301 3502 p.
326 3419 391 3480 103.
415 3429 446 3480 et
468 3415 623 3478 cedrenus
642 3438 674 3499 p.
701 3416 788 3498 ¹²⁵4
812 3415 851 3477 nd
871 3417 1056 3500 eandemque
1077 3417 1204 3478 fabulam
1223 3415 1269 3475 adl

270 3527 393 3588 Tzetzes
419 3523 587 3587 Antehom.
621 3543 653 3584 v.
680 3523 756 3608 189,
786 3543 916 3600 canens,
952 3525 1204 3607 Agamemnonem
1229 3525 1269 3582 ita

273 3634 433 3696 aGraeeis
453 3633 562 3694 dneem
581 3641 716 3692 creatum
736 3651 811 3694 esse.
855 3631 947 3694 Novit
966 3633 1081 3715 Dietyis
1102 3631 1226 3692 fabulam
1248 3639 1269 3689 et

272 3739 386 3817 Dares,
407 3741 461 3819 qui
476 3759 505 3798 c.
517 3735 569 3802 25.
594 3737 627 3798 io
649 3739 714 3819 ipso
734 3736 814 3798 bello
836 3737 875 3799 ad
890 3736 1081 3800 Palamedem
1094 3737 1134 3798 ob
1146 3738 1269 3820 Agonen

274 3848 320 3910 nis
344 3847 495 3929 ignaviam
519 3845 550 3906 in
565 3845 662 3906 rebus
687 3845 824 3927 gerendis
844 3865 863 3905 a
881 3845 1004 3906 Graecis
1024 3843 1096 3938 balli
1117 3865 1253 3906 summam

274 3953 451 4016 translatam
470 3963 585 4014 narrat.
626 3951 711 4014 lilius
726 3941 846 4017 inbutae
865 3951 1051 4014 conditorem
1074 3951 1259 4024 indicorum,

274 4065 425 4122 Graecum
453 4051 567 4144 Diotyn
598 4055 685 4121 nobis
712 4059 889 4140 composuit.
940 4057 1206 4140 impuleritautem
1227 4061 1269 4120 Di

276 4168 314 4231 ad
342 4167 419 4230 bane
448 4166 665 4230 recentioribus
685 4177 748 4228 tam
765 4177 898 4230 amatam
926 4165 1075 4228 fieuomm
1096 4165 1174 4230 lesus
1191 4169 1269 4250 Eurip
