2808 4686
209 343 282 412 318
555 357 774 412 oaonaaitm
801 357 868 410 oro.
886 297 944 412 itt.

288 548 321 608 in
342 549 451 608 noram
475 552 625 631 pugnare)
672 545 748 609 Sall.
778 545 845 608 Cat.
867 569 900 632 9.
933 547 986 630 atri
1004 559 1107 610 earam
1125 549 1293 635 imperium

200 652 233 711 in
255 652 365 710 instem
384 661 605 732 pngrraaerant.
633 647 704 708 Liv.
727 648 817 708 VIII.
839 647 871 710 6.
892 667 930 708 ne
953 651 1018 732 qnia
1037 663 1128 711 entra
1148 653 1294 714 ordinem

199 754 232 812 in
253 753 361 812 instem
374 762 532 833 pugnaret.
574 749 700 831 Septim.
725 750 781 812 IV.
803 769 834 810 a.
858 751 892 810 in
907 751 1026 834 pedites
1042 771 1191 833 pragnare.

282 851 416 934 repulsae
437 849 470 910 in
493 850 671 929 Polyaeno)
713 851 735 908 i.
761 870 788 909 e.
807 853 839 910 in
874 869 963 909 eausa
987 835 1158 933 Polyxenae
1169 895 1179 927 ,
1202 850 1292 934 quod

202 949 389 1036 Polyxenam
410 957 541 1031 spectat.
584 949 724 1010 Eandem
746 951 778 1011 in
797 969 937 1032 praepos.
954 948 1085 1012 admittit
1106 954 1168 1012 vini
1188 973 1218 1014 c.
1236 952 1289 1032 'l-

201 1054 375 1112 insolentiae
410 1052 442 1111 ia
463 1048 669 1112 Penariae.
693 1073 742 1111 20.
775 1053 807 1111 in
838 1053 971 1114 Priamo
989 1054 1151 1113 miseratio.
1193 1053 1292 1116 Varia

200 1152 372 1214 huiusmodi
393 1149 516 1235 collegit
534 1151 622 1214 Cart.
645 1145 687 1212 od
710 1149 785 1214 Sall.
809 1151 876 1214 Cat.
899 1153 951 1216 51.
979 1155 1026 1216 15.
1047 1153 1087 1214 cl.
1111 1154 1287 1236 Wopkens.

203 1275 236 1337 p.
264 1255 314 1314 51.

287 1371 515 1438 progressusque
536 1349 569 1412 in
587 1349 695 1428 medio)
736 1351 896 1436 Lamprid.
918 1347 1077 1414 Commod.
1105 1349 1138 1414 8.
1161 1353 1195 1414 in
1225 1375 1289 1435 pn-

202 1455 280 1516 blieo
301 1454 459 1538 processit.
500 1451 568 1534 lpse
588 1453 715 1534 Septim.
738 1475 766 1514 e.
788 1453 821 1531 4.
842 1455 1003 1516 exereitum
1024 1455 1057 1514 in
1074 1453 1193 1536 eampis
1211 1473 1289 1538 pm-

200 1554 331 1619 clnctnm.
352 1567 387 1615 ut
418 1556 452 1616 S.
478 1539 602 1620 Danas.
624 1561 723 1642 Epist.
744 1560 775 1622 8.
808 1559 930 1646 artando
953 1579 1049 1622 causa
1068 1559 1232 1621 rectissime
1252 1561 1288 1622 ia

200 1652 301 1713 matio
321 1655 519 1736 proderentur.
542 1657 654 1740 Sulpic.
677 1661 742 1722 Vit.
767 1661 861 1722 Mart.
888 1678 935 1721 to.
958 1658 990 1722 6.
1013 1660 1116 1720 omitia
1134 1659 1168 1718 in
1187 1660 1287 1723 media

196 1753 434 1831 corfinbantnr.
475 1757 580 1838 Atque
600 1757 709 1820 similia
730 1757 764 1822 id
785 1779 878 1845 genus
899 1757 957 1820 alia
978 1758 1105 1843 praehet
1119 1767 1236 1820 noaer.
1251 1779 1283 1822 v.

198 1851 237 1912 ad
260 1873 289 1914 o.
318 1850 365 1932 ι4.
391 1855 417 1915 Ι.
446 1873 493 1916 ιο.
514 1857 570 1918 VI.
598 1877 644 1924 10.

279 1939 412 2034 arginem
429 1954 590 2039 propriam
612 1957 759 2020 mentoria
780 1961 855 2040 rep.)
896 1957 1062 2043 Propriam
1082 1957 1104 2020 i.
1129 1979 1158 2020 e.
1181 1977 1281 2039 suam3

195 2057 234 2112 ut
254 2048 310 2113 lib.
333 2053 358 2112 l.
386 2049 434 2130 14.
445 2055 523 2132 fata
537 2059 669 2142 propria
687 2051 866 2139 protulerat.
893 2057 932 2118 II.
955 2056 987 2137 4.
1005 2059 1166 2142 propriam
1186 2059 1280 2139 glori-

195 2169 247 2210 am
267 2152 541 2235 aequiparaverat.
567 2155 610 2215 ll.
633 2154 685 2216 28.
707 2154 744 2216 ob
766 2154 951 2218 sacerdotem
970 2159 1143 2242 propriam.
1181 2157 1281 2219 Fami·

196 2249 302 2312 liarem
330 2248 414 2312 huno
440 2273 528 2314 usum
562 2255 655 2315 etiam
678 2253 806 2337 Apuleio
836 2275 918 2329 esse,
949 2253 1039 2316 docet
1068 2254 1215 2319 Oudend.
1241 2255 1280 2316 ad

197 2351 274 2410 Met.
297 2350 339 2412 X.
361 2371 392 2434 p.
414 2349 486 2435 687.
513 2351 563 2414 Cf.
587 2353 750 2437 Hegesipp.
773 2353 814 2414 V.
844 2356 891 2418 15.
921 2353 966 2413 acl
982 2355 1108 2436 originis
1135 2357 1281 2442 propriae

196 2449 358 2512 libertatem
379 2452 488 2514 redire.
511 2455 537 2516 l.
564 2471 610 2514 η.
633 2473 786 2514 summam
821 2473 885 2513 rem
907 2454 1013 2512 axoris
1028 2449 1174 2536 propriae
1196 2453 1281 2516 dele·

194 2552 285 2632 gebat
302 2552 494 2620 solicitudini.
506 2562 537 2615 et
555 2551 639 2614 alibi.
682 2553 833 2614 Memoria
853 2549 1035 2634 simpliciter
1059 2551 1104 2613 sio
1125 2573 1200 2636 pro:
1222 2573 1282 2614 nie·

196 2651 327 2714 moriter
347 2651 415 2731 (lib.
438 2653 463 2714 I.
487 2675 519 2738 9.
544 2651 720 2714 memoriter
738 2655 892 2727 retexere)
912 2649 971 2712 dici
993 2649 1098 2730 solet3
1119 2662 1153 2713 ut
1174 2673 1193 2712 a
1213 2653 1280 2714 Cio.

200 2749 239 2812 de
259 2754 352 2813 Orat.
380 2754 406 2813 1.
439 2772 467 2815 t.
492 2752 644 2834 Cogitanti
673 2751 749 2812 mita
778 2763 807 2810 et
835 2750 982 2810 memoria
1002 2763 1107 2812 vetera
1125 2751 1280 2836 repetenti.

198 2863 228 2914 et
249 2851 324 2918 allio.

279 2951 440 3012 deductam
457 2953 492 3014 in
514 2951 662 3030 matrim.)
703 2948 787 3010 Pro:
811 2946 934 3020 ductam
954 2948 986 3008 in
1007 2958 1120 3028 matr.;
1141 2959 1176 3008 ut
1191 2969 1282 3032 saepe

198 3049 279 3130 apud
301 3061 440 3112 nostrum
472 3051 632 3126 ᾰεηιιόεκ,
657 3047 775 3132 deflere,
797 3047 965 3132 deprecari,
985 3067 1044 3131 pro
1063 3047 1279 3131 simplicibuat
1385 3113 1386 3170 ἰ

198 3147 336 3222 nubere,
359 3147 441 3224 llere,
466 3150 598 3230 precari.

280 3245 334 3309 VI.
378 3249 425 3308 ad
443 3269 475 3308 se
496 3282 534 3292 —
558 3245 654 3322 tende)
703 3265 778 3328 pro:
810 3256 918 3307 eontra
947 3265 1000 3327 ee3
1030 3243 1159 3308 itt-alibi
1182 3245 1282 3330 loqui·
1385 3255 1386 3342 l

197 3354 262 3407 tur.
286 3346 357 3407 Lib.
382 3347 437 3407 IV.
460 3345 493 3410 6.
512 3345 562 3407 uta
594 3345 687 3426 adse
707 3341 789 3404 tereti
809 3339 902 3409 vitiet.
924 3345 994 3407 Liv.
1017 3345 1085 3407 I.5
1120 3345 1165 3408 ad
1184 3367 1282 3429 regem
1385 3343 1386 3398 l

196 3448 341 3530 impetam
351 3448 444 3526 flacit
479 3466 512 3508 v.
537 3447 644 3530 lntpp.
666 3445 706 3506 ad
729 3445 816 3506 Caes.
839 3444 875 3505 B.
899 3443 937 3505 G.
961 3447 1001 3508 ΙΙ.
1029 3465 1083 3527 ¹03
1113 3446 1219 3508 Brem.
1241 3443 1282 3508 ad

196 3545 278 3630 Nep.
303 3547 398 3608 Dion.
423 3545 455 3611 5.
476 3545 509 3626 4.

278 3645 390 3730 inferto
426 3646 557 3729 agnina
612 3665 689 3730 pro:
723 3647 863 3729 impetu3
892 3653 927 3705 ut
955 3665 1043 3708 mox:
1071 3665 1133 3710 non
1156 3645 1284 3708 aterius

195 3747 340 3830 impetrem
362 3749 426 3808 oiri
445 3747 581 3831 experiri
611 3765 713 3812 aaran.
763 3745 815 3807 Sia
839 3743 965 3826 explieat
985 3747 1167 3828 Septirnium
1187 3745 1284 3808 Was·

195 3867 266 3908 aeus
288 3845 328 3906 ad
349 3845 425 3908 Sall.
448 3847 529 3907 Hist.
554 3850 580 3908 I.
608 3867 653 3906 ro.
676 3857 757 3908 tanto
776 3846 901 3927 agnaine
911 3857 1001 3926 atque
1022 3845 1136 3906 animis
1155 3845 1283 3906 incedit.

194 3947 249 4006 ubi
283 3945 373 4029 plura
397 3957 569 4030 ponuntur.
612 3945 774 4029 Hegesipp.
797 3945 836 4007 V.
856 3946 889 4024 4.
918 3944 1032 4025 ingenti
1051 3943 1176 4026 agntine
1194 3963 1288 4028 rapa

193 4046 308 4106 ltottem
327 4049 452 4114 amant.

265 4145 401 4224 stadem
423 4145 550 4225 obvios,
568 4165 660 4230 quam
680 4158 793 4228 praetr.
813 4177 852 4195 -
874 4143 1028 4222 obtereret)
1048 4141 1121 4204 Sall.
1139 4142 1206 4224 lug.
1228 4139 1283 4224 94.

194 4239 244 4304 Ea
263 4245 366 4305 aerias
394 4245 529 4308 llomani
561 4247 693 4320 instare,
718 4241 871 4328 sundere,
902 4262 940 4303 ac
964 4243 1127 4326 plerosque
1147 4253 1283 4302 taram·
