2698 4688
346 1183 941 1278 PRAEFATIO.
1015 1208 1019 1216 ’

555 1499 749 1514 Μ

104 1831 334 1950 Questionis,
363 1888 456 1951 prem
488 1871 617 1954 Mogros
646 1869 822 1932 Nriebuin'us
852 1867 948 1932 eimee
974 1867 1191 1933 Universitatis

103 1981 271 2044 bouumsis
299 1982 417 2046 civibus
447 2005 528 2046 enno
558 1985 835 2048 nncccxxvtt.
864 1985 903 2048 de
940 1987 1086 2069 scriptore
1118 1985 1191 2048 belii

102 2097 249 2175 Troiani,
269 2099 323 2182 qui
342 2101 473 2183 praefert
496 2121 605 2164 nomen
627 2101 734 2186 Dictys
757 2102 917 2176 Cretensis,
942 2106 1007 2184 ipse
1019 2104 1190 2185 proposuit,

103 2225 317 2296 argumentum
339 2213 397 2275 tuit
421 2215 483 2277 sere
502 2215 575 2278 boc:
608 2217 804 2299 inquiretur,
832 2237 907 2277 num
926 2217 1033 2301 Dictys
1056 2217 1136 2281 Cret.
1158 2217 1192 2278 in

104 2328 216 2390 inbutis
233 2329 411 2392 enarrandis
429 2329 614 2415 cyclicorum
627 2343 786 2416 poetarum
806 2332 930 2415 vestigio
950 2332 1079 2416 legerit?
1098 2353 1192 2416 quos-

102 2465 166 2529 que
192 2465 299 2510 curum
326 2458 463 2510 secutus.
482 2447 594 2510 librum
624 2469 714 2511 snum
743 2447 934 2511 condiderit?
968 2449 1192 2532 Comperentur

103 2560 235 2625 oliorum
258 2585 381 2648 quoque
400 2575 559 2648 poetarum
587 2568 831 2648 scriptorumque
850 2574 1050 2648 congruentes
1078 2563 1191 2625 discre-

103 2689 251 2760 parare
273 2683 484 2761 narrationes,
513 2692 604 2766 atque
624 2681 697 2744 binc
720 2681 829 2742 Greeci
849 2681 967 2763 Dictyis
991 2680 1192 2740 constituetur

104 2803 207 2854 aetus.
246 2795 345 2860 Altero
365 2799 547 2881 quaestionis
566 2819 637 2881 pers
655 2796 835 2860 versabatur
853 2799 887 2857 in
903 2791 1049 2877 exigentis
1060 2791 1129 2854 libri
1145 2793 1191 2854 ls-

105 2905 242 2988 Μὴ,
263 2931 347 2993 quem
364 2936 400 2978 ex
422 2917 538 2978 Graeco
558 2915 669 2999 Dictye
687 2922 877 2976 contractum
896 2919 928 2973 et
945 2931 963 2972 o
988 2909 1026 2971 1..
1043 2909 1190 2992 Septimio

101 3025 218 3090 hune
240 3047 359 3094 rursum
381 3034 444 3094 iem
464 3030 611 3116 legimus,
643 3041 735 3113 etque
755 3031 787 3092 iu
807 3028 909 3092 Latini
929 3029 1101 3110 interpretis
1121 3026 1192 3088 inde

101 3141 312 3226 henrigerus
336 3158 446 3210 estete.
476 3181 519 3198 -
544 3149 580 3210 ln
599 3167 727 3210 numero
748 3165 880 3225 eorum,
907 3145 961 3228 qui
982 3145 1093 3227 ingenii
1111 3143 1192 3205 vires

100 3257 266 3342 perditui
284 3273 393 3344 erent,
414 3265 505 3328 efism
524 3286 581 3348 ego
599 3265 664 3328 fuis
691 3263 937 3345 concertantique
958 3259 1034 3322 mibi
1053 3279 1123 3322 cnm
1144 3261 1192 3323 vi-

100 3379 229 3440 ctricem
256 3379 388 3462 mimum
419 3382 497 3444 ferre
522 3381 695 3466 obtigisset,
721 3399 865 3464 prospero
895 3377 954 3440 boc
983 3385 1094 3439 eventu
1114 3378 1192 3439 inci·

101 3501 187 3556 tutus
205 3499 404 3579 scriptorem,
429 3501 483 3582 qui
511 3519 566 3582 per
591 3508 713 3561 centum
733 3507 764 3560 ct
785 3499 910 3581 triginta
928 3515 1023 3558 nonos
1040 3493 1192 3577 neglectus

101 3609 199 3670 benit
219 3620 252 3672 et
272 3615 456 3676 nocentiore
474 3613 575 3676 studio
598 3613 740 3697 indignus
764 3611 887 3676 babitus
908 3621 970 3690 est,
997 3629 1033 3674 ex
1052 3611 1193 3673 tenebre·

103 3743 177 3784 rum
202 3727 290 3806 quusi
317 3727 483 3790 recessibus
511 3729 543 3790 in
570 3749 657 3790 suem
681 3727 779 3789 luceru
806 3725 1036 3810 provocandum
1055 3725 1194 3790 subtilio-

102 3839 194 3922 riquo
214 3846 345 3906 nemini
368 3844 588 3908 subiicieudum
609 3844 740 3934 decrevi.
781 3845 887 3924 Quum
907 3845 1041 3927 primum
1063 3841 1095 3903 id
1116 3837 1210 3904 mihi.

103 3953 211 4018 fuisset
232 3955 368 4034 consilii,
397 3971 433 4021 ut
461 3960 501 4023 ed
521 3981 654 4024 summos
680 3962 713 4022 in
733 3959 923 4043 pbilosophis
945 3959 1077 4022 bonores
1098 3956 1195 4038 inipe-

101 4071 232 4134 truudos
259 4073 509 4138 Dissertationem
534 4077 573 4139 de
596 4077 712 4142 Graeco
740 4078 851 4161 Dictys
873 4079 996 4159 eiusque
1017 4048 1127 4135 Letino
1147 4072 1196 4131 in·

102 4199 237 4270 tuprete
257 4189 438 4267 scriberem,
460 4195 517 4256 beo
537 4205 640 4257 eutem
660 4206 760 4258 mente
777 4195 904 4256 enitenti
924 4192 999 4254 mibi
1019 4189 1137 4253 iibeiins
1157 4184 1196 4250 ad

140 4321 272 4358 utum
980 4327 999 4368 g
