<?xml version="1.0" encoding="UTF-8"?>
<!DOCTYPE html PUBLIC "-//W3C//DTD XHTML 1.0 Transitional//EN"
    "http://www.w3.org/TR/xhtml1/DTD/xhtml1-transitional.dtd">
<html xmlns="http://www.w3.org/1999/xhtml" xml:lang="en" lang="en">
 <head>
  <title>
</title>
<meta http-equiv="Content-Type" content="text/html;charset=utf-8" />
  <meta name='ocr-system' content='tesseract 3.04.00' />
  <meta name='ocr-capabilities' content='ocr_page ocr_carea ocr_par ocr_line ocrx_word'/>
</head>
<body>
  <div class='ocr_page' id='page_1' title='image "./dictyscretensis00dictgoog/dictyscretensis00dictgoog_0442.png"; bbox 0 0 2808 4686; ppageno 0'>
   <div class='ocr_carea' id='block_1_1' title="bbox 221 337 967 408">
    <p class='ocr_par' dir='ltr' id='par_1_1' title="bbox 221 337 967 408">
     <span class='ocr_line' id='line_1_1' title="bbox 221 337 967 408; baseline -0.004 0"><span class='ocrx_word' id='word_1_1' title='bbox 221 337 293 408; x_wconf 79' lang='lat'><strong>336</strong></span> <span class='ocrx_word' id='word_1_2' title='bbox 585 347 800 406; x_wconf 66' lang='lat' dir='ltr'><strong>dnouement</strong></span> <span class='ocrx_word' id='word_1_3' title='bbox 813 351 893 404; x_wconf 77' lang='lat' dir='ltr'><strong>ms.</strong></span> <span class='ocrx_word' id='word_1_4' title='bbox 914 355 967 405; x_wconf 89' lang='grc' dir='ltr'><strong>ιιι.</strong></span> 
     </span>
    </p>
   </div>
   <div class='ocr_carea' id='block_1_2' title="bbox 214 536 1392 4129">
    <p class='ocr_par' dir='ltr' id='par_1_2' title="bbox 219 536 1310 810">
     <span class='ocr_line' id='line_1_2' title="bbox 223 536 1310 631; baseline 0.004 -23"><span class='ocrx_word' id='word_1_5' title='bbox 223 553 305 612; x_wconf 87' lang='lat' dir='ltr'><strong>reat.</strong></span> <span class='ocrx_word' id='word_1_6' title='bbox 323 536 426 610; x_wconf 57' lang='lat' dir='ltr'><strong>dndrss</strong></span> <span class='ocrx_word' id='word_1_7' title='bbox 457 544 483 606; x_wconf 85' lang='lat'><strong>1.</strong></span> <span class='ocrx_word' id='word_1_8' title='bbox 504 561 530 609; x_wconf 84' lang='grc' dir='ltr'><strong>ι.</strong></span> <span class='ocrx_word' id='word_1_9' title='bbox 565 559 632 626; x_wconf 85' lang='lat'><strong>¹⁰9·</strong></span> <span class='ocrx_word' id='word_1_10' title='bbox 654 542 737 604; x_wconf 86' lang='lat' dir='ltr'><strong>Diet.</strong></span> <span class='ocrx_word' id='word_1_11' title='bbox 759 563 792 626; x_wconf 90' lang='lat' dir='ltr'><strong>p.</strong></span> <span class='ocrx_word' id='word_1_12' title='bbox 814 561 865 612; x_wconf 78' lang='lat' dir='ltr'><strong>aa.</strong></span> <span class='ocrx_word' id='word_1_13' title='bbox 892 537 1022 608; x_wconf 78' lang='lat' dir='ltr'><strong>Eadem</strong></span> <span class='ocrx_word' id='word_1_14' title='bbox 1039 543 1150 608; x_wconf 75' lang='lat' dir='ltr'><strong>vocula</strong></span> <span class='ocrx_word' id='word_1_15' title='bbox 1169 547 1310 631; x_wconf 82' lang='lat' dir='ltr'><strong>superla-</strong></span> 
     </span>
     <span class='ocr_line' id='line_1_3' title="bbox 221 641 1310 732; baseline -0.007 -24"><span class='ocrx_word' id='word_1_16' title='bbox 221 650 287 708; x_wconf 85' lang='lat' dir='ltr'><strong>tivo</strong></span> <span class='ocrx_word' id='word_1_17' title='bbox 307 645 415 730; x_wconf 82' lang='lat' dir='ltr'><strong>gradui</strong></span> <span class='ocrx_word' id='word_1_18' title='bbox 443 644 642 729; x_wconf 82' lang='lat' dir='ltr'><strong>praeponitur</strong></span> <span class='ocrx_word' id='word_1_19' title='bbox 670 641 725 711; x_wconf 89' lang='lat' dir='ltr'><strong>lib.</strong></span> <span class='ocrx_word' id='word_1_20' title='bbox 753 641 797 712; x_wconf 84' lang='lat' dir='ltr'><strong>V.</strong></span> <span class='ocrx_word' id='word_1_21' title='bbox 815 665 846 728; x_wconf 86' lang='lat'><strong>9.</strong></span> <span class='ocrx_word' id='word_1_22' title='bbox 876 643 987 708; x_wconf 86' lang='lat' dir='ltr'><strong>donum</strong></span> <span class='ocrx_word' id='word_1_23' title='bbox 1020 669 1111 732; x_wconf 80' lang='lat' dir='ltr'><strong>quarn</strong></span> <span class='ocrx_word' id='word_1_24' title='bbox 1140 651 1310 716; x_wconf 57' lang='lat' dir='ltr'><strong>honorant.</strong></span> 
     </span>
     <span class='ocr_line' id='line_1_4' title="bbox 219 765 1062 810; baseline -0.007 0"><span class='ocrx_word' id='word_1_25' title='bbox 219 765 339 810; x_wconf 75' lang='lat' dir='ltr'><strong>unsrun.</strong></span> <span class='ocrx_word' id='word_1_26' title='bbox 1059 781 1062 789; x_wconf 85' lang='lat'>·</span> 
     </span>
    </p>

    <p class='ocr_par' dir='ltr' id='par_1_3' title="bbox 219 844 1312 1330">
     <span class='ocr_line' id='line_1_5' title="bbox 305 844 1310 931; baseline 0.006 -23"><span class='ocrx_word' id='word_1_27' title='bbox 305 847 421 924; x_wconf 71' lang='lat' dir='ltr'><strong>divum)</strong></span> <span class='ocrx_word' id='word_1_28' title='bbox 464 844 559 905; x_wconf 79' lang='lat' dir='ltr'><strong>Amat</strong></span> <span class='ocrx_word' id='word_1_29' title='bbox 585 846 738 927; x_wconf 85' lang='lat' dir='ltr'><strong>poeticum</strong></span> <span class='ocrx_word' id='word_1_30' title='bbox 767 844 853 906; x_wconf 86' lang='lat' dir='ltr'><strong>hune</strong></span> <span class='ocrx_word' id='word_1_31' title='bbox 877 847 1056 910; x_wconf 79' lang='lat' dir='ltr'><strong>Genitivum</strong></span> <span class='ocrx_word' id='word_1_32' title='bbox 1077 847 1245 931; x_wconf 74' lang='lat' dir='ltr'><strong>Apuleius:</strong></span> <span class='ocrx_word' id='word_1_33' title='bbox 1271 852 1310 914; x_wconf 86' lang='lat' dir='ltr'><strong>de</strong></span> 
     </span>
     <span class='ocr_line' id='line_1_6' title="bbox 224 943 1309 1035; baseline 0.002 -24"><span class='ocrx_word' id='word_1_34' title='bbox 224 949 336 1014; x_wconf 82' lang='lat' dir='ltr'><strong>Mund.</strong></span> <span class='ocrx_word' id='word_1_35' title='bbox 356 969 388 1028; x_wconf 91' lang='lat' dir='ltr'><strong>p.</strong></span> <span class='ocrx_word' id='word_1_36' title='bbox 413 943 483 1010; x_wconf 80' lang='lat'><strong>550.</strong></span> <span class='ocrx_word' id='word_1_37' title='bbox 518 947 816 1027; x_wconf 78' lang='lat' dir='ltr'><strong>exmporantr&#39;ssimus</strong></span> <span class='ocrx_word' id='word_1_38' title='bbox 841 945 956 1007; x_wconf 74' lang='lat' dir='ltr'><strong>divum.</strong></span> <span class='ocrx_word' id='word_1_39' title='bbox 985 945 1024 1008; x_wconf 92' lang='lat' dir='ltr'><strong>de</strong></span> <span class='ocrx_word' id='word_1_40' title='bbox 1047 949 1155 1030; x_wconf 78' lang='lat' dir='ltr'><strong>Dogm.</strong></span> <span class='ocrx_word' id='word_1_41' title='bbox 1177 949 1257 1018; x_wconf 87' lang='lat' dir='ltr'><strong>Plat.</strong></span> <span class='ocrx_word' id='word_1_42' title='bbox 1278 974 1309 1035; x_wconf 89' lang='lat' dir='ltr'><strong>p.</strong></span> 
     </span>
     <span class='ocr_line' id='line_1_7' title="bbox 227 1043 1312 1130; baseline 0.002 -19"><span class='ocrx_word' id='word_1_43' title='bbox 227 1047 295 1111; x_wconf 80' lang='lat'><strong>183.</strong></span> <span class='ocrx_word' id='word_1_44' title='bbox 317 1049 434 1110; x_wconf 72' lang='lat' dir='ltr'><strong>Diuum</strong></span> <span class='ocrx_word' id='word_1_45' title='bbox 458 1058 625 1130; x_wconf 70' lang='lat' dir='ltr'><em>potestates.</em></span> <span class='ocrx_word' id='word_1_46' title='bbox 674 1043 787 1106; x_wconf 83' lang='lat' dir='ltr'><strong>Eidem</strong></span> <span class='ocrx_word' id='word_1_47' title='bbox 807 1043 952 1128; x_wconf 84' lang='lat' dir='ltr'><strong>frequens</strong></span> <span class='ocrx_word' id='word_1_48' title='bbox 978 1044 1069 1128; x_wconf 86' lang='lat' dir='ltr'><strong>plena</strong></span> <span class='ocrx_word' id='word_1_49' title='bbox 1089 1047 1189 1108; x_wconf 88' lang='lat' dir='ltr'><strong>l&#39;orma</strong></span> <span class='ocrx_word' id='word_1_50' title='bbox 1209 1049 1312 1114; x_wconf 81' lang='lat' dir='ltr'><strong>Diuo-</strong></span> 
     </span>
     <span class='ocr_line' id='line_1_8' title="bbox 221 1143 1308 1233; baseline 0.002 -23"><span class='ocrx_word' id='word_1_51' title='bbox 221 1171 309 1229; x_wconf 76' lang='lat' dir='ltr'><strong>nam3</strong></span> <span class='ocrx_word' id='word_1_52' title='bbox 336 1149 481 1231; x_wconf 80' lang='lat' dir='ltr'>frequens</span> <span class='ocrx_word' id='word_1_53' title='bbox 500 1144 616 1225; x_wconf 83' lang='lat' dir='ltr'><strong>etiam,</strong></span> <span class='ocrx_word' id='word_1_54' title='bbox 648 1153 685 1206; x_wconf 84' lang='lat' dir='ltr'><strong>ut</strong></span> <span class='ocrx_word' id='word_1_55' title='bbox 709 1143 809 1207; x_wconf 85' lang='lat' dir='ltr'><strong>Gellio</strong></span> <span class='ocrx_word' id='word_1_56' title='bbox 830 1165 976 1228; x_wconf 88' lang='lat' dir='ltr'><strong>quoque,</strong></span> <span class='ocrx_word' id='word_1_57' title='bbox 997 1145 1122 1226; x_wconf 79' lang='lat' dir='ltr'><strong>Derim,</strong></span> <span class='ocrx_word' id='word_1_58' title='bbox 1141 1145 1308 1233; x_wconf 80' lang='lat' dir='ltr'><strong>Superum,</strong></span> 
     </span>
     <span class='ocr_line' id='line_1_9' title="bbox 219 1243 685 1330; baseline -0.009 -20"><span class='ocrx_word' id='word_1_59' title='bbox 219 1247 368 1330; x_wconf 72' lang='lat' dir='ltr'><strong>Ipfirrim.</strong></span> <span class='ocrx_word' id='word_1_60' title='bbox 682 1243 685 1250; x_wconf 59' lang='lat'>‘</span> 
     </span>
    </p>

    <p class='ocr_par' dir='ltr' id='par_1_4' title="bbox 214 1343 1392 3133">
     <span class='ocr_line' id='line_1_10' title="bbox 300 1343 1311 1432; baseline 0.005 -25"><span class='ocrx_word' id='word_1_61' title='bbox 300 1346 471 1432; x_wconf 78' lang='lat' dir='ltr'><strong>procedere)</strong></span> <span class='ocrx_word' id='word_1_62' title='bbox 520 1343 602 1407; x_wconf 82' lang='lat' dir='ltr'><strong>Cave</strong></span> <span class='ocrx_word' id='word_1_63' title='bbox 625 1344 753 1430; x_wconf 75' lang='lat' dir='ltr'><strong>iungant</strong></span> <span class='ocrx_word' id='word_1_64' title='bbox 785 1343 818 1405; x_wconf 92' lang='lat' dir='ltr'><strong>in</strong></span> <span class='ocrx_word' id='word_1_65' title='bbox 841 1363 912 1406; x_wconf 85' lang='lat' dir='ltr'><strong>eum</strong></span> <span class='ocrx_word' id='word_1_66' title='bbox 934 1365 997 1406; x_wconf 92' lang='lat' dir='ltr'><strong>non</strong></span> <span class='ocrx_word' id='word_1_67' title='bbox 1017 1345 1216 1429; x_wconf 80' lang='lat' dir='ltr'><strong>procedunt3</strong></span> <span class='ocrx_word' id='word_1_68' title='bbox 1237 1371 1311 1412; x_wconf 83' lang='lat' dir='ltr'><strong>nam</strong></span> 
     </span>
     <span class='ocr_line' id='line_1_11' title="bbox 218 1443 1312 1532; baseline 0.005 -26"><span class='ocrx_word' id='word_1_69' title='bbox 218 1445 384 1532; x_wconf 81' lang='lat' dir='ltr'><strong>procedere</strong></span> <span class='ocrx_word' id='word_1_70' title='bbox 405 1445 457 1506; x_wconf 89' lang='lat' dir='ltr'><strong>hic</strong></span> <span class='ocrx_word' id='word_1_71' title='bbox 477 1443 619 1507; x_wconf 84' lang='lat' dir='ltr'><strong>absolute</strong></span> <span class='ocrx_word' id='word_1_72' title='bbox 639 1445 770 1528; x_wconf 82' lang='lat' dir='ltr'><strong>ponitur</strong></span> <span class='ocrx_word' id='word_1_73' title='bbox 792 1464 870 1527; x_wconf 82' lang='lat' dir='ltr'><strong>pro:</strong></span> <span class='ocrx_word' id='word_1_74' title='bbox 892 1461 1041 1528; x_wconf 84' lang='lat' dir='ltr'><strong>prospere</strong></span> <span class='ocrx_word' id='word_1_75' title='bbox 1065 1447 1189 1527; x_wconf 88' lang='lat' dir='ltr'><strong>cedere;</strong></span> <span class='ocrx_word' id='word_1_76' title='bbox 1213 1451 1312 1512; x_wconf 81' lang='lat' dir='ltr'><strong>nteit</strong></span> 
     </span>
     <span class='ocr_line' id='line_1_12' title="bbox 217 1543 1311 1630; baseline 0.004 -22"><span class='ocrx_word' id='word_1_77' title='bbox 217 1548 264 1609; x_wconf 89' lang='lat' dir='ltr'><strong>ita</strong></span> <span class='ocrx_word' id='word_1_78' title='bbox 284 1545 492 1628; x_wconf 80' lang='lat' dir='ltr'><strong>iungendum:</strong></span> <span class='ocrx_word' id='word_1_79' title='bbox 522 1545 570 1610; x_wconf 83' lang='lat' dir='ltr'><strong>vis</strong></span> <span class='ocrx_word' id='word_1_80' title='bbox 595 1547 690 1630; x_wconf 75' lang='lat' dir='ltr'><strong>atquo</strong></span> <span class='ocrx_word' id='word_1_81' title='bbox 716 1544 896 1606; x_wconf 74' lang='lat' dir='ltr'><strong>inimicitiae</strong></span> <span class='ocrx_word' id='word_1_82' title='bbox 924 1543 1051 1607; x_wconf 87' lang='lat' dir='ltr'><strong>alicuius</strong></span> <span class='ocrx_word' id='word_1_83' title='bbox 1077 1546 1111 1608; x_wconf 91' lang='lat' dir='ltr'><strong>in</strong></span> <span class='ocrx_word' id='word_1_84' title='bbox 1133 1569 1205 1612; x_wconf 88' lang='lat' dir='ltr'><strong>eom</strong></span> <span class='ocrx_word' id='word_1_85' title='bbox 1227 1551 1259 1622; x_wconf 87' lang='lat' dir='ltr'><strong>(i.</strong></span> <span class='ocrx_word' id='word_1_86' title='bbox 1282 1571 1311 1612; x_wconf 77' lang='lat' dir='ltr'><strong>e.</strong></span> 
     </span>
     <span class='ocr_line' id='line_1_13' title="bbox 219 1645 1307 1730; baseline -0.001 -20"><span class='ocrx_word' id='word_1_87' title='bbox 219 1649 260 1710; x_wconf 86' lang='lat' dir='ltr'><strong>ab</strong></span> <span class='ocrx_word' id='word_1_88' title='bbox 281 1647 386 1730; x_wconf 87' lang='lat' dir='ltr'><strong>aliquo</strong></span> <span class='ocrx_word' id='word_1_89' title='bbox 406 1657 542 1710; x_wconf 87' lang='lat' dir='ltr'><strong>structae</strong></span> <span class='ocrx_word' id='word_1_90' title='bbox 564 1655 675 1708; x_wconf 84' lang='lat' dir='ltr'><strong>eontra</strong></span> <span class='ocrx_word' id='word_1_91' title='bbox 696 1647 787 1722; x_wconf 83' lang='lat' dir='ltr'><strong>oum),</strong></span> <span class='ocrx_word' id='word_1_92' title='bbox 808 1645 857 1705; x_wconf 88' lang='lat' dir='ltr'><strong>cui</strong></span> <span class='ocrx_word' id='word_1_93' title='bbox 880 1645 1006 1706; x_wconf 84' lang='lat' dir='ltr'><strong>beatum</strong></span> <span class='ocrx_word' id='word_1_94' title='bbox 1027 1665 1092 1708; x_wconf 81' lang='lat' dir='ltr'><strong>esse</strong></span> <span class='ocrx_word' id='word_1_95' title='bbox 1113 1646 1230 1708; x_wconf 86' lang='lat' dir='ltr'><strong>licitum</strong></span> <span class='ocrx_word' id='word_1_96' title='bbox 1252 1659 1307 1726; x_wconf 66' lang='grc' dir='ltr'><strong>ωε,</strong></span> 
     </span>
     <span class='ocr_line' id='line_1_14' title="bbox 219 1743 1392 1832; baseline 0 -23"><span class='ocrx_word' id='word_1_97' title='bbox 219 1767 282 1809; x_wconf 94' lang='lat' dir='ltr'><strong>non</strong></span> <span class='ocrx_word' id='word_1_98' title='bbox 303 1746 491 1832; x_wconf 57' lang='lat' dir='ltr'><strong>procedunt„</strong></span> <span class='ocrx_word' id='word_1_99' title='bbox 538 1745 636 1808; x_wconf 83' lang='lat' dir='ltr'><strong>Plane</strong></span> <span class='ocrx_word' id='word_1_100' title='bbox 668 1755 705 1806; x_wconf 89' lang='lat' dir='ltr'><strong>ut</strong></span> <span class='ocrx_word' id='word_1_101' title='bbox 735 1743 808 1812; x_wconf 85' lang='lat' dir='ltr'><strong>Sall.</strong></span> <span class='ocrx_word' id='word_1_102' title='bbox 829 1743 899 1812; x_wconf 77' lang='lat' dir='ltr'><strong>Cat.</strong></span> <span class='ocrx_word' id='word_1_103' title='bbox 931 1745 981 1806; x_wconf 75' lang='lat'><strong>32.</strong></span> <span class='ocrx_word' id='word_1_104' title='bbox 1017 1766 1044 1806; x_wconf 93' lang='grc' dir='ltr'><strong>ι.</strong></span> <span class='ocrx_word' id='word_1_105' title='bbox 1066 1747 1309 1830; x_wconf 72' lang='lat' dir='ltr'><strong>neqnenettme</strong></span> <span class='ocrx_word' id='word_1_106' title='bbox 1391 1781 1392 1788; x_wconf 36' lang='grc' dir='ltr'><strong>ι</strong></span> 
     </span>
     <span class='ocr_line' id='line_1_15' title="bbox 216 1844 970 1936; baseline -0.005 -25"><span class='ocrx_word' id='word_1_107' title='bbox 216 1847 331 1913; x_wconf 74' lang='lat' dir='ltr'><strong>consuli</strong></span> <span class='ocrx_word' id='word_1_108' title='bbox 345 1847 563 1936; x_wconf 78' lang='lat' dir='ltr'><strong>procedebant.</strong></span> <span class='ocrx_word' id='word_1_109' title='bbox 584 1845 639 1908; x_wconf 90' lang='lat' dir='ltr'><strong>nbi</strong></span> <span class='ocrx_word' id='word_1_110' title='bbox 661 1844 701 1911; x_wconf 83' lang='lat' dir='ltr'><strong>cs.</strong></span> <span class='ocrx_word' id='word_1_111' title='bbox 721 1845 808 1908; x_wconf 84' lang='lat' dir='ltr'><strong>Cort.</strong></span> <span class='ocrx_word' id='word_1_112' title='bbox 963 1906 970 1918; x_wconf 82' lang='grc'>,</span> 
     </span>
     <span class='ocr_line' id='line_1_16' title="bbox 219 1943 1306 2034; baseline -0.003 -24"><span class='ocrx_word' id='word_1_113' title='bbox 219 1981 222 1986; x_wconf 37' lang='lat' dir='ltr'>v</span> <span class='ocrx_word' id='word_1_114' title='bbox 256 1959 260 1968; x_wconf 86' lang='lat'><strong><em>&#39;</em></strong></span> <span class='ocrx_word' id='word_1_115' title='bbox 302 1947 347 2010; x_wconf 77' lang='lat' dir='ltr'><strong>ad</strong></span> <span class='ocrx_word' id='word_1_116' title='bbox 359 1959 455 2032; x_wconf 87' lang='lat' dir='ltr'><strong>postr.</strong></span> <span class='ocrx_word' id='word_1_117' title='bbox 485 1945 539 2011; x_wconf 75' lang='lat' dir='ltr'><strong>At.</strong></span> <span class='ocrx_word' id='word_1_118' title='bbox 568 1957 633 2034; x_wconf 79' lang='lat' dir='ltr'><strong>not.</strong></span> <span class='ocrx_word' id='word_1_119' title='bbox 669 1943 773 2019; x_wconf 84' lang='lat' dir='ltr'><strong>diem,·</strong></span> <span class='ocrx_word' id='word_1_120' title='bbox 808 1965 894 2027; x_wconf 83' lang='lat' dir='ltr'><strong>quem</strong></span> <span class='ocrx_word' id='word_1_121' title='bbox 915 1943 1037 2024; x_wconf 74' lang='lat' dir='ltr'><strong>evitem)</strong></span> <span class='ocrx_word' id='word_1_122' title='bbox 1087 1943 1166 2006; x_wconf 88' lang='lat' dir='ltr'><strong>Cum</strong></span> <span class='ocrx_word' id='word_1_123' title='bbox 1186 1944 1306 2007; x_wconf 85' lang='lat' dir='ltr'><strong>initium</strong></span> 
     </span>
     <span class='ocr_line' id='line_1_17' title="bbox 219 2043 1303 2128; baseline -0.006 -18"><span class='ocrx_word' id='word_1_124' title='bbox 219 2049 368 2110; x_wconf 86' lang='lat' dir='ltr'><strong>orationis</strong></span> <span class='ocrx_word' id='word_1_125' title='bbox 388 2067 406 2108; x_wconf 89' lang='lat' dir='ltr'><strong>a</strong></span> <span class='ocrx_word' id='word_1_126' title='bbox 427 2043 575 2127; x_wconf 86' lang='lat' dir='ltr'><strong>Septimio</strong></span> <span class='ocrx_word' id='word_1_127' title='bbox 605 2044 695 2103; x_wconf 89' lang='lat' dir='ltr'><strong>nimis</strong></span> <span class='ocrx_word' id='word_1_128' title='bbox 715 2053 907 2107; x_wconf 82' lang='lat' dir='ltr'><strong>contractum</strong></span> <span class='ocrx_word' id='word_1_129' title='bbox 937 2063 1001 2106; x_wconf 89' lang='lat' dir='ltr'><strong>esse</strong></span> <span class='ocrx_word' id='word_1_130' title='bbox 1022 2046 1174 2104; x_wconf 84' lang='lat' dir='ltr'><strong>neminem</strong></span> <span class='ocrx_word' id='word_1_131' title='bbox 1194 2044 1303 2128; x_wconf 60' lang='lat' dir='ltr'><strong>Rapiat,</strong></span> 
     </span>
     <span class='ocr_line' id='line_1_18' title="bbox 216 2141 1306 2231; baseline -0.006 -21"><span class='ocrx_word' id='word_1_132' title='bbox 216 2160 285 2210; x_wconf 88' lang='lat' dir='ltr'><strong>tum</strong></span> <span class='ocrx_word' id='word_1_133' title='bbox 304 2144 487 2231; x_wconf 80' lang='lat' dir='ltr'><strong>praesertim</strong></span> <span class='ocrx_word' id='word_1_134' title='bbox 524 2141 578 2206; x_wconf 78' lang='lat' dir='ltr'><strong>ubi</strong></span> <span class='ocrx_word' id='word_1_135' title='bbox 609 2141 649 2204; x_wconf 91' lang='lat' dir='ltr'><strong>de</strong></span> <span class='ocrx_word' id='word_1_136' title='bbox 669 2141 739 2206; x_wconf 81' lang='lat' dir='ltr'><strong>liliis</strong></span> <span class='ocrx_word' id='word_1_137' title='bbox 760 2144 884 2224; x_wconf 82' lang='lat' dir='ltr'><strong>agitur,</strong></span> <span class='ocrx_word' id='word_1_138' title='bbox 915 2147 1068 2206; x_wconf 85' lang='lat' dir='ltr'><strong>aGraeco</strong></span> <span class='ocrx_word' id='word_1_139' title='bbox 1089 2145 1198 2228; x_wconf 77' lang='lat' dir='ltr'><strong>Dictys</strong></span> <span class='ocrx_word' id='word_1_140' title='bbox 1218 2145 1306 2228; x_wconf 84' lang='lat' dir='ltr'><strong>plura</strong></span> 
     </span>
     <span class='ocr_line' id='line_1_19' title="bbox 217 2219 1392 2326; baseline -0.003 -17"><span class='ocrx_word' id='word_1_141' title='bbox 217 2258 360 2312; x_wconf 76' lang='lat' dir='ltr'><strong>namatu-</strong></span> <span class='ocrx_word' id='word_1_142' title='bbox 382 2245 473 2308; x_wconf 80' lang='lat' dir='ltr'><strong>luisse</strong></span> <span class='ocrx_word' id='word_1_143' title='bbox 505 2242 671 2324; x_wconf 86' lang='lat' dir='ltr'><strong>videntur;</strong></span> <span class='ocrx_word' id='word_1_144' title='bbox 699 2243 812 2326; x_wconf 88' lang='lat' dir='ltr'><strong>quihus</strong></span> <span class='ocrx_word' id='word_1_145' title='bbox 840 2243 980 2324; x_wconf 83' lang='lat' dir='ltr'><strong>omissis,</strong></span> <span class='ocrx_word' id='word_1_146' title='bbox 1012 2243 1124 2306; x_wconf 85' lang='lat' dir='ltr'><strong>latinus</strong></span> <span class='ocrx_word' id='word_1_147' title='bbox 1157 2247 1305 2326; x_wconf 74' lang='lat' dir='ltr'><strong>interpres</strong></span> <span class='ocrx_word' id='word_1_148' title='bbox 1391 2219 1392 2297; x_wconf 85' lang='lat' dir='ltr'><strong>l</strong></span> 
     </span>
     <span class='ocr_line' id='line_1_20' title="bbox 218 2343 1305 2432; baseline -0.005 -23"><span class='ocrx_word' id='word_1_149' title='bbox 218 2369 325 2432; x_wconf 86' lang='lat' dir='ltr'><strong>aspero</strong></span> <span class='ocrx_word' id='word_1_150' title='bbox 346 2346 566 2410; x_wconf 83' lang='lat' dir='ltr'><strong>sententiarum</strong></span> <span class='ocrx_word' id='word_1_151' title='bbox 591 2364 670 2406; x_wconf 84' lang='lat' dir='ltr'><strong>nexu</strong></span> <span class='ocrx_word' id='word_1_152' title='bbox 692 2343 733 2406; x_wconf 90' lang='lat' dir='ltr'><strong>ad</strong></span> <span class='ocrx_word' id='word_1_153' title='bbox 747 2343 912 2408; x_wconf 79' lang='lat' dir='ltr'><strong>Alexandri</strong></span> <span class='ocrx_word' id='word_1_154' title='bbox 926 2343 1058 2406; x_wconf 85' lang='lat' dir='ltr'><strong>natalem</strong></span> <span class='ocrx_word' id='word_1_155' title='bbox 1081 2344 1161 2406; x_wconf 82' lang='lat' dir='ltr'><strong>diem</strong></span> <span class='ocrx_word' id='word_1_156' title='bbox 1171 2391 1182 2422; x_wconf 90' lang='lat'><strong><em>,</em></strong></span> <span class='ocrx_word' id='word_1_157' title='bbox 1197 2343 1305 2426; x_wconf 84' lang='lat' dir='ltr'><strong>dequo</strong></span> 
     </span>
     <span class='ocr_line' id='line_1_21' title="bbox 215 2442 1306 2534; baseline -0.005 -24"><span class='ocrx_word' id='word_1_158' title='bbox 215 2447 358 2534; x_wconf 86' lang='lat' dir='ltr'><strong>pluribus</strong></span> <span class='ocrx_word' id='word_1_159' title='bbox 388 2453 457 2508; x_wconf 86' lang='lat' dir='ltr'><strong>erat</strong></span> <span class='ocrx_word' id='word_1_160' title='bbox 476 2442 648 2521; x_wconf 85' lang='lat' dir='ltr'><strong>relaturus,</strong></span> <span class='ocrx_word' id='word_1_161' title='bbox 672 2445 803 2521; x_wconf 81' lang='lat' dir='ltr'><strong>transit,</strong></span> <span class='ocrx_word' id='word_1_162' title='bbox 826 2465 976 2528; x_wconf 82' lang='lat' dir='ltr'><strong>pergens:</strong></span> <span class='ocrx_word' id='word_1_163' title='bbox 993 2445 1117 2506; x_wconf 72' lang='lat' dir='ltr'><strong>-torulem</strong></span> <span class='ocrx_word' id='word_1_164' title='bbox 1131 2445 1306 2507; x_wconf 72' lang='lat' dir='ltr'><strong>Alexandri</strong></span> 
     </span>
     <span class='ocr_line' id='line_1_22' title="bbox 216 2543 1303 2624; baseline -0.002 -14"><span class='ocrx_word' id='word_1_165' title='bbox 216 2551 347 2610; x_wconf 72' lang='lat' dir='ltr'><strong>nomkm</strong></span> <span class='ocrx_word' id='word_1_166' title='bbox 366 2546 467 2622; x_wconf 72' lang='lat' dir='ltr'><strong>daem,</strong></span> <span class='ocrx_word' id='word_1_167' title='bbox 493 2544 557 2608; x_wconf 83' lang='lat' dir='ltr'><strong>scil.</strong></span> <span class='ocrx_word' id='word_1_168' title='bbox 578 2543 776 2624; x_wconf 87' lang='lat' dir='ltr'><strong>imminuisse,</strong></span> <span class='ocrx_word' id='word_1_169' title='bbox 799 2543 967 2610; x_wconf 87' lang='lat' dir='ltr'><strong>advenisse.</strong></span> <span class='ocrx_word' id='word_1_170' title='bbox 1016 2544 1121 2606; x_wconf 83' lang='lat' dir='ltr'><strong>Animi</strong></span> <span class='ocrx_word' id='word_1_171' title='bbox 1152 2544 1303 2608; x_wconf 72' lang='lat' dir='ltr'><strong>adfectum</strong></span> 
     </span>
     <span class='ocr_line' id='line_1_23' title="bbox 215 2641 1304 2729; baseline -0.006 -17"><span class='ocrx_word' id='word_1_172' title='bbox 215 2649 334 2712; x_wconf 89' lang='lat' dir='ltr'><strong>Priami</strong></span> <span class='ocrx_word' id='word_1_173' title='bbox 353 2641 379 2708; x_wconf 89' lang='lat' dir='ltr'><strong>si</strong></span> <span class='ocrx_word' id='word_1_174' title='bbox 402 2645 538 2729; x_wconf 81' lang='lat' dir='ltr'><strong>respicis,</strong></span> <span class='ocrx_word' id='word_1_175' title='bbox 562 2642 681 2728; x_wconf 79' lang='lat' dir='ltr'><strong>ellipsin</strong></span> <span class='ocrx_word' id='word_1_176' title='bbox 703 2641 783 2706; x_wconf 85' lang='lat' dir='ltr'><strong>hauc</strong></span> <span class='ocrx_word' id='word_1_177' title='bbox 804 2642 955 2706; x_wconf 69' lang='lat' dir='ltr'><strong>mombis.</strong></span> <span class='ocrx_word' id='word_1_178' title='bbox 975 2645 1098 2728; x_wconf 86' lang='lat' dir='ltr'><strong>Quippe</strong></span> <span class='ocrx_word' id='word_1_179' title='bbox 1118 2643 1232 2722; x_wconf 86' lang='lat' dir='ltr'><strong>filium,</strong></span> <span class='ocrx_word' id='word_1_180' title='bbox 1256 2656 1304 2706; x_wconf 87' lang='lat' dir='ltr'><strong>ut·</strong></span> 
     </span>
     <span class='ocr_line' id='line_1_24' title="bbox 214 2745 1300 2834; baseline -0.006 -24"><span class='ocrx_word' id='word_1_181' title='bbox 214 2760 288 2834; x_wconf 89' lang='lat' dir='ltr'><strong>pote</strong></span> <span class='ocrx_word' id='word_1_182' title='bbox 318 2759 475 2809; x_wconf 82' lang='lat' dir='ltr'><strong>tantorum</strong></span> <span class='ocrx_word' id='word_1_183' title='bbox 506 2757 663 2808; x_wconf 82' lang='lat' dir='ltr'><strong>auctorem</strong></span> <span class='ocrx_word' id='word_1_184' title='bbox 694 2745 874 2823; x_wconf 85' lang='lat' dir='ltr'><strong>malorum,</strong></span> <span class='ocrx_word' id='word_1_185' title='bbox 905 2765 976 2806; x_wconf 88' lang='lat' dir='ltr'><strong>cum</strong></span> <span class='ocrx_word' id='word_1_186' title='bbox 998 2748 1184 2808; x_wconf 74' lang='lat' dir='ltr'><strong>nominasset</strong></span> <span class='ocrx_word' id='word_1_187' title='bbox 1205 2757 1300 2828; x_wconf 86' lang='lat' dir='ltr'><strong>poter,</strong></span> 
     </span>
     <span class='ocr_line' id='line_1_25' title="bbox 215 2845 1304 2931; baseline -0.006 -19"><span class='ocrx_word' id='word_1_188' title='bbox 215 2869 334 2912; x_wconf 86' lang='lat' dir='ltr'><strong>memor</strong></span> <span class='ocrx_word' id='word_1_189' title='bbox 351 2857 459 2931; x_wconf 86' lang='lat' dir='ltr'><strong>raptus</strong></span> <span class='ocrx_word' id='word_1_190' title='bbox 475 2846 612 2908; x_wconf 85' lang='lat' dir='ltr'><strong>Helenae</strong></span> <span class='ocrx_word' id='word_1_191' title='bbox 635 2857 666 2910; x_wconf 90' lang='lat' dir='ltr'><strong>et</strong></span> <span class='ocrx_word' id='word_1_192' title='bbox 684 2847 891 2929; x_wconf 78' lang='lat' dir='ltr'><strong>prosectarum</strong></span> <span class='ocrx_word' id='word_1_193' title='bbox 908 2845 980 2906; x_wconf 90' lang='lat' dir='ltr'><strong>indo</strong></span> <span class='ocrx_word' id='word_1_194' title='bbox 1001 2845 1207 2923; x_wconf 69' lang='lat' dir='ltr'><strong>sartonam,</strong></span> <span class='ocrx_word' id='word_1_195' title='bbox 1229 2866 1304 2928; x_wconf 89' lang='lat' dir='ltr'><strong>pau-</strong></span> 
     </span>
     <span class='ocr_line' id='line_1_26' title="bbox 215 2947 1302 3029; baseline -0.006 -17"><span class='ocrx_word' id='word_1_196' title='bbox 215 2949 280 3012; x_wconf 87' lang='lat' dir='ltr'><strong>lum</strong></span> <span class='ocrx_word' id='word_1_197' title='bbox 300 2953 425 3026; x_wconf 84' lang='lat' dir='ltr'><strong>reticet,</strong></span> <span class='ocrx_word' id='word_1_198' title='bbox 456 2949 586 3008; x_wconf 88' lang='lat' dir='ltr'><strong>maximo</strong></span> <span class='ocrx_word' id='word_1_199' title='bbox 616 2949 710 3008; x_wconf 85' lang='lat' dir='ltr'><strong>animi</strong></span> <span class='ocrx_word' id='word_1_200' title='bbox 733 2947 853 3008; x_wconf 84' lang='lat' dir='ltr'><strong>adfectu</strong></span> <span class='ocrx_word' id='word_1_201' title='bbox 883 2955 1059 3029; x_wconf 86' lang='lat' dir='ltr'><strong>correptus.</strong></span> <span class='ocrx_word' id='word_1_202' title='bbox 1090 2947 1162 3006; x_wconf 85' lang='lat' dir='ltr'><strong>Mox</strong></span> <span class='ocrx_word' id='word_1_203' title='bbox 1184 2947 1302 3029; x_wconf 71' lang='lat' dir='ltr'><strong>pergite</strong></span> 
     </span>
     <span class='ocr_line' id='line_1_27' title="bbox 215 3041 1391 3133; baseline -0.006 -23"><span class='ocrx_word' id='word_1_204' title='bbox 215 3067 307 3133; x_wconf 85' lang='lat' dir='ltr'><strong>quem</strong></span> <span class='ocrx_word' id='word_1_205' title='bbox 328 3050 441 3109; x_wconf 81' lang='lat' dir='ltr'><strong>coitari</strong></span> <span class='ocrx_word' id='word_1_206' title='bbox 458 3057 515 3110; x_wconf 86' lang='lat' dir='ltr'><strong>cot.</strong></span> <span class='ocrx_word' id='word_1_207' title='bbox 1390 3041 1391 3092; x_wconf 83' lang='lat' dir='ltr'><strong>l</strong></span> 
     </span>
    </p>

    <p class='ocr_par' dir='ltr' id='par_1_5' title="bbox 215 3093 1391 3528">
     <span class='ocr_line' id='line_1_28' title="bbox 299 3144 1303 3224; baseline 0.002 -13"><span class='ocrx_word' id='word_1_208' title='bbox 299 3149 489 3210; x_wconf 77' lang='lat' dir='ltr'><strong>continuante</strong></span> <span class='ocrx_word' id='word_1_209' title='bbox 510 3144 654 3224; x_wconf 58' lang='lat' dir='ltr'><strong>masma)</strong></span> <span class='ocrx_word' id='word_1_210' title='bbox 697 3163 774 3224; x_wconf 71' lang='lat' dir='ltr'><strong>pror</strong></span> <span class='ocrx_word' id='word_1_211' title='bbox 795 3146 985 3221; x_wconf 79' lang='lat' dir='ltr'><strong>continuata,</strong></span> <span class='ocrx_word' id='word_1_212' title='bbox 1018 3165 1083 3208; x_wconf 90' lang='lat' dir='ltr'><strong>non</strong></span> <span class='ocrx_word' id='word_1_213' title='bbox 1111 3144 1303 3220; x_wconf 75' lang='lat' dir='ltr'><strong>intermissa,</strong></span> 
     </span>
     <span class='ocr_line' id='line_1_29' title="bbox 217 3242 1304 3325; baseline -0.002 -15"><span class='ocrx_word' id='word_1_214' title='bbox 217 3248 340 3312; x_wconf 72' lang='lat' dir='ltr'><strong>flamma</strong></span> <span class='ocrx_word' id='word_1_215' title='bbox 362 3248 480 3308; x_wconf 84' lang='lat' dir='ltr'><strong>saevire</strong></span> <span class='ocrx_word' id='word_1_216' title='bbox 503 3263 565 3303; x_wconf 91' lang='lat' dir='ltr'><strong>non</strong></span> <span class='ocrx_word' id='word_1_217' title='bbox 589 3243 758 3304; x_wconf 80' lang='lat' dir='ltr'><strong>desinente.</strong></span> <span class='ocrx_word' id='word_1_218' title='bbox 799 3242 902 3308; x_wconf 86' lang='lat' dir='ltr'><strong>Celsus</strong></span> <span class='ocrx_word' id='word_1_219' title='bbox 921 3243 975 3310; x_wconf 92' lang='lat' dir='ltr'><strong>lll.</strong></span> <span class='ocrx_word' id='word_1_220' title='bbox 1003 3245 1148 3325; x_wconf 63' lang='lat' dir='ltr'><strong>mfi’bm</strong></span> <span class='ocrx_word' id='word_1_221' title='bbox 1172 3249 1304 3321; x_wconf 69' lang='lat' dir='ltr'><strong>mutinu-</strong></span> 
     </span>
     <span class='ocr_line' id='line_1_30' title="bbox 215 3343 1303 3430; baseline -0.017 -20"><span class='ocrx_word' id='word_1_222' title='bbox 215 3362 278 3415; x_wconf 85' lang='lat' dir='ltr'><strong>ont.</strong></span> <span class='ocrx_word' id='word_1_223' title='bbox 303 3349 342 3414; x_wconf 88' lang='grc' dir='ltr'><strong>ΙΙ.</strong></span> <span class='ocrx_word' id='word_1_224' title='bbox 366 3343 398 3426; x_wconf 74' lang='grc'><strong>4.</strong></span> <span class='ocrx_word' id='word_1_225' title='bbox 427 3367 448 3408; x_wconf 87' lang='lat' dir='ltr'><strong>o</strong></span> <span class='ocrx_word' id='word_1_226' title='bbox 475 3347 582 3430; x_wconf 73' lang='lat' dir='ltr'><strong>pruno</strong></span> <span class='ocrx_word' id='word_1_227' title='bbox 608 3345 705 3404; x_wconf 77' lang='lat' dir='ltr'><strong>ltienm</strong></span> <span class='ocrx_word' id='word_1_228' title='bbox 735 3346 830 3409; x_wconf 71' lang='lat' dir='ltr'><strong>aratri</strong></span> <span class='ocrx_word' id='word_1_229' title='bbox 851 3344 898 3404; x_wconf 80' lang='lat' dir='ltr'><strong>ad</strong></span> <span class='ocrx_word' id='word_1_230' title='bbox 924 3343 1061 3406; x_wconf 77' lang='lat' dir='ltr'><strong>rdtimron</strong></span> <span class='ocrx_word' id='word_1_231' title='bbox 1079 3348 1303 3408; x_wconf 81' lang='lat' dir='ltr'><strong>ueroontimm.</strong></span> 
     </span>
     <span class='ocr_line' id='line_1_31' title="bbox 215 3443 1158 3528; baseline -0.004 -18"><span class='ocrx_word' id='word_1_232' title='bbox 215 3460 294 3510; x_wconf 78' lang='lat' dir='ltr'><strong>tnnt.</strong></span> <span class='ocrx_word' id='word_1_233' title='bbox 335 3444 429 3508; x_wconf 87' lang='lat' dir='ltr'><strong>Solin.</strong></span> <span class='ocrx_word' id='word_1_234' title='bbox 458 3443 506 3509; x_wconf 79' lang='lat'><strong>15.</strong></span> <span class='ocrx_word' id='word_1_235' title='bbox 529 3463 581 3506; x_wconf 82' lang='lat' dir='ltr'><strong>ao.</strong></span> <span class='ocrx_word' id='word_1_236' title='bbox 602 3463 686 3506; x_wconf 81' lang='lat' dir='ltr'><strong>casus</strong></span> <span class='ocrx_word' id='word_1_237' title='bbox 707 3445 946 3506; x_wconf 79' lang='lat' dir='ltr'><strong>continuantium</strong></span> <span class='ocrx_word' id='word_1_238' title='bbox 961 3447 1158 3528; x_wconf 73' lang='lat' dir='ltr'><strong>pruinnnrm.</strong></span> 
     </span>
    </p>

    <p class='ocr_par' dir='ltr' id='par_1_6' title="bbox 218 3541 1303 3732">
     <span class='ocr_line' id='line_1_32' title="bbox 295 3541 1303 3630; baseline -0.007 -21"><span class='ocrx_word' id='word_1_239' title='bbox 295 3566 468 3630; x_wconf 84' lang='lat' dir='ltr'><strong>omnemque</strong></span> <span class='ocrx_word' id='word_1_240' title='bbox 494 3541 629 3620; x_wconf 81' lang='lat' dir='ltr'><strong>demum)</strong></span> <span class='ocrx_word' id='word_1_241' title='bbox 669 3544 689 3610; x_wconf 90' lang='lat' dir='ltr'><strong>i.</strong></span> <span class='ocrx_word' id='word_1_242' title='bbox 719 3565 746 3604; x_wconf 91' lang='lat' dir='ltr'><strong>e.</strong></span> <span class='ocrx_word' id='word_1_243' title='bbox 780 3542 924 3626; x_wconf 87' lang='lat' dir='ltr'><strong>denique,</strong></span> <span class='ocrx_word' id='word_1_244' title='bbox 954 3554 1120 3625; x_wconf 87' lang='lat' dir='ltr'><strong>postremo.</strong></span> <span class='ocrx_word' id='word_1_245' title='bbox 1171 3545 1219 3606; x_wconf 86' lang='lat' dir='ltr'><strong>De</strong></span> <span class='ocrx_word' id='word_1_246' title='bbox 1243 3561 1303 3625; x_wconf 81' lang='lat' dir='ltr'><strong>qua</strong></span> 
     </span>
     <span class='ocr_line' id='line_1_33' title="bbox 218 3639 1222 3732; baseline -0.005 -23"><span class='ocrx_word' id='word_1_247' title='bbox 218 3649 435 3732; x_wconf 79' lang='lat' dir='ltr'><strong>significatione</strong></span> <span class='ocrx_word' id='word_1_248' title='bbox 457 3646 594 3706; x_wconf 84' lang='lat' dir='ltr'><strong>Goerenz</strong></span> <span class='ocrx_word' id='word_1_249' title='bbox 615 3639 656 3702; x_wconf 90' lang='lat' dir='ltr'><strong>ad</strong></span> <span class='ocrx_word' id='word_1_250' title='bbox 679 3641 742 3706; x_wconf 85' lang='lat' dir='ltr'><strong>Cio.</strong></span> <span class='ocrx_word' id='word_1_251' title='bbox 773 3641 847 3724; x_wconf 76' lang='lat' dir='ltr'><strong>Lag.</strong></span> <span class='ocrx_word' id='word_1_252' title='bbox 869 3642 927 3710; x_wconf 87' lang='lat'><em>111.</em></span> <span class='ocrx_word' id='word_1_253' title='bbox 951 3665 998 3724; x_wconf 87' lang='lat'><strong>¹7·</strong></span> <span class='ocrx_word' id='word_1_254' title='bbox 1021 3641 1072 3704; x_wconf 81' lang='lat'><strong>38.</strong></span> <span class='ocrx_word' id='word_1_255' title='bbox 1095 3664 1126 3726; x_wconf 86' lang='lat' dir='ltr'><strong>p.</strong></span> <span class='ocrx_word' id='word_1_256' title='bbox 1150 3642 1222 3726; x_wconf 80' lang='lat'><strong>269.</strong></span> 
     </span>
    </p>

    <p class='ocr_par' dir='ltr' id='par_1_7' title="bbox 221 3739 1390 3932">
     <span class='ocr_line' id='line_1_34' title="bbox 301 3739 1390 3824; baseline -0.003 -17"><span class='ocrx_word' id='word_1_257' title='bbox 301 3747 334 3812; x_wconf 85' lang='lat' dir='ltr'><strong>in</strong></span> <span class='ocrx_word' id='word_1_258' title='bbox 354 3745 446 3810; x_wconf 81' lang='lat' dir='ltr'><strong>Idam</strong></span> <span class='ocrx_word' id='word_1_259' title='bbox 466 3739 638 3820; x_wconf 70' lang='lat' dir='ltr'><strong>tmdiduse]</strong></span> <span class='ocrx_word' id='word_1_260' title='bbox 658 3741 722 3803; x_wconf 87' lang='lat' dir='ltr'><strong>scil.</strong></span> <span class='ocrx_word' id='word_1_261' title='bbox 743 3740 941 3824; x_wconf 80' lang='lat' dir='ltr'><strong>portandum.</strong></span> <span class='ocrx_word' id='word_1_262' title='bbox 963 3741 1111 3824; x_wconf 80' lang='lat' dir='ltr'><strong>Apollod.</strong></span> <span class='ocrx_word' id='word_1_263' title='bbox 1130 3739 1304 3804; x_wconf 83' lang='lat' dir='ltr'><strong>111.m.5.</strong></span> <span class='ocrx_word' id='word_1_264' title='bbox 1389 3745 1390 3812; x_wconf 75' lang='lat' dir='ltr'><strong>l</strong></span> 
     </span>
     <span class='ocr_line' id='line_1_35' title="bbox 221 3831 1306 3932; baseline -0.007 -22"><span class='ocrx_word' id='word_1_265' title='bbox 221 3870 253 3932; x_wconf 84' lang='lat'><strong>7.</strong></span> <span class='ocrx_word' id='word_1_266' title='bbox 275 3845 406 3910; x_wconf 68' lang='grc' dir='ltr'><strong>δίδωσιν</strong></span> <span class='ocrx_word' id='word_1_267' title='bbox 427 3843 568 3908; x_wconf 71' lang='grc' dir='ltr'><strong>ἐκθεῖναι</strong></span> <span class='ocrx_word' id='word_1_268' title='bbox 587 3839 690 3927; x_wconf 73' lang='grc' dir='ltr'><strong><em>οἰκέτῃ</em></strong></span> <span class='ocrx_word' id='word_1_269' title='bbox 711 3843 871 3920; x_wconf 58' lang='lat' dir='ltr'><strong>rosunum</strong></span> <span class='ocrx_word' id='word_1_270' title='bbox 893 3839 939 3916; x_wconf 74' lang='lat' dir='ltr'><strong>alc</strong></span> <span class='ocrx_word' id='word_1_271' title='bbox 951 3831 1047 3924; x_wconf 78' lang='grc' dir='ltr'><strong>Ἴδην.</strong></span> <span class='ocrx_word' id='word_1_272' title='bbox 1065 3843 1113 3910; x_wconf 72' lang='lat' dir='ltr'><strong>Cl</strong></span> <span class='ocrx_word' id='word_1_273' title='bbox 1135 3841 1306 3928; x_wconf 79' lang='lat' dir='ltr'><strong>Wopkens.</strong></span> 
     </span>
    </p>

    <p class='ocr_par' dir='ltr' id='par_1_8' title="bbox 304 4040 1310 4129">
     <span class='ocr_line' id='line_1_36' title="bbox 304 4040 1310 4129; baseline -0.012 -20"><span class='ocrx_word' id='word_1_274' title='bbox 304 4049 474 4109; x_wconf 72' lang='lat' dir='ltr'><strong>neironem</strong></span> <span class='ocrx_word' id='word_1_275' title='bbox 494 4081 535 4096; x_wconf 91' lang='lat'><em>-</em></span> <span class='ocrx_word' id='word_1_276' title='bbox 551 4045 626 4129; x_wconf 85' lang='lat' dir='ltr'><strong>pati</strong></span> <span class='ocrx_word' id='word_1_277' title='bbox 646 4044 786 4129; x_wconf 77' lang='lat' dir='ltr'><strong>potuisse)</strong></span> <span class='ocrx_word' id='word_1_278' title='bbox 843 4043 1034 4111; x_wconf 75' lang='lat' dir='ltr'><strong>Clarissimus</strong></span> <span class='ocrx_word' id='word_1_279' title='bbox 1065 4061 1197 4108; x_wconf 79' lang='lat' dir='ltr'><strong>sensus:</strong></span> <span class='ocrx_word' id='word_1_280' title='bbox 1231 4040 1310 4100; x_wconf 87' lang='lat' dir='ltr'><strong>Cum</strong></span> 
     </span>
    </p>
   </div>
   <div class='ocr_carea' id='block_1_3' title="bbox 221 4137 1308 4328">
    <p class='ocr_par' dir='ltr' id='par_1_9' title="bbox 221 4137 1308 4328">
     <span class='ocr_line' id='line_1_37' title="bbox 221 4137 1308 4234; baseline -0.01 -27"><span class='ocrx_word' id='word_1_281' title='bbox 221 4147 311 4207; x_wconf 84' lang='lat' dir='ltr'><strong>Paris</strong></span> <span class='ocrx_word' id='word_1_282' title='bbox 333 4147 391 4206; x_wconf 87' lang='lat' dir='ltr'><strong>iam</strong></span> <span class='ocrx_word' id='word_1_283' title='bbox 413 4143 615 4222; x_wconf 81' lang='lat' dir='ltr'><strong>adolevisset,</strong></span> <span class='ocrx_word' id='word_1_284' title='bbox 645 4143 765 4204; x_wconf 90' lang='lat' dir='ltr'><strong>nullum</strong></span> <span class='ocrx_word' id='word_1_285' title='bbox 784 4141 965 4222; x_wconf 83' lang='lat' dir='ltr'><strong>hominem,</strong></span> <span class='ocrx_word' id='word_1_286' title='bbox 988 4164 1027 4204; x_wconf 82' lang='lat' dir='ltr'><strong>ne</strong></span> <span class='ocrx_word' id='word_1_287' title='bbox 1049 4143 1169 4234; x_wconf 79' lang='lat' dir='ltr'><strong>bostem</strong></span> <span class='ocrx_word' id='word_1_288' title='bbox 1188 4137 1308 4224; x_wconf 84' lang='lat' dir='ltr'><strong>quidem</strong></span> 
     </span>
     <span class='ocr_line' id='line_1_38' title="bbox 222 4235 1308 4328; baseline -0.009 -20"><span class='ocrx_word' id='word_1_289' title='bbox 222 4243 429 4308; x_wconf 66' lang='lat' dir='ltr'><strong>mevimimum</strong></span> <span class='ocrx_word' id='word_1_290' title='bbox 449 4289 458 4319; x_wconf 91' lang='lat'><strong>,</strong></span> <span class='ocrx_word' id='word_1_291' title='bbox 480 4246 546 4327; x_wconf 87' lang='lat' dir='ltr'><strong>pati</strong></span> <span class='ocrx_word' id='word_1_292' title='bbox 566 4245 715 4328; x_wconf 81' lang='lat' dir='ltr'><strong>potuisse,</strong></span> <span class='ocrx_word' id='word_1_293' title='bbox 739 4247 762 4305; x_wconf 87' lang='lat' dir='ltr'><strong>i.</strong></span> <span class='ocrx_word' id='word_1_294' title='bbox 785 4265 812 4306; x_wconf 87' lang='lat' dir='ltr'><strong>e.</strong></span> <span class='ocrx_word' id='word_1_295' title='bbox 833 4253 959 4327; x_wconf 81' lang='lat' dir='ltr'><strong>propter</strong></span> <span class='ocrx_word' id='word_1_296' title='bbox 981 4243 1106 4304; x_wconf 84' lang='lat' dir='ltr'><strong>nimiam</strong></span> <span class='ocrx_word' id='word_1_297' title='bbox 1128 4243 1214 4326; x_wconf 80' lang='lat' dir='ltr'><strong>pueri</strong></span> <span class='ocrx_word' id='word_1_298' title='bbox 1237 4235 1308 4320; x_wconf 89' lang='lat' dir='ltr'><strong>pul-</strong></span> 
     </span>
    </p>
   </div>
   <div class='ocr_carea' id='block_1_4' title="bbox 0 0 1408 4686">
    <p class='ocr_par' dir='ltr' id='par_1_10' title="bbox 0 0 1408 4686">
     <span class='ocr_line' id='line_1_39' title="bbox 0 0 1408 4686; baseline 0 1"><span class='ocrx_word' id='word_1_299' title='bbox 0 0 1408 4686; x_wconf 95' lang='lat' dir='ltr'><strong> </strong></span> 
     </span>
    </p>
   </div>
  </div>
 </body>
</html>
