2724 4680
267 468 433 556 dissimulat)
455 474 542 536 lemn.
566 475 642 541 155:
671 475 786 554 Strages
810 475 958 552 uulgatum
984 475 1101 536 Achilles
1124 479 1287 538 &inhalat

181 562 311 644 Explica:
326 563 398 621 celat
411 563 553 635 nuntiata:
575 562 682 621 silendo
696 564 807 635 indicat,
828 561 954 620 nuntiata
970 563 1023 620 sibi
1040 582 1122 622 corne
1133 585 1186 623 non
1202 585 1285 636 esne:

181 651 223 711 ite
236 649 303 726 agit,
325 647 405 722 qussi
419 647 484 706 nibil
497 648 549 705 sibi
562 649 600 706 sit
613 649 775 707 nuntiatum.
818 647 897 708 Bene
912 649 993 706 vertit
1011 647 1124 707 ilenric.
1138 671 1163 708 c.
1181 655 1220 714 fit
1234 651 1284 709 sol

182 738 260 800 111:
280 732 398 791 Achilles
410 732 479 807 ctat,
501 731 543 791 ab
558 735 632 792 birte
646 753 673 792 er
692 753 719 791 es
740 734 822 791 nictit.
865 729 999 792 Absolute
1013 733 1053 791 sic
1063 733 1187 810 loquitur
1199 737 1283 795 etiam

180 818 280 895 Virgil.
306 817 374 878 Aen.
393 817 415 880 l.
439 817 516 882 516:
538 817 730 891 Di’ssr'niulunt,
760 825 787 878 et
813 819 880 876 nube
898 837 969 876 caua
991 818 1162 896 spontanea
1181 825 1283 893 cnidi,

182 905 260 973 Qun:
268 903 385 982 fortuna
398 905 473 961 viris.
516 903 609 964 Latini
621 906 678 964 sere
693 905 850 982 adiungunt
862 923 935 977 reru,
955 921 1028 979 quae
1040 905 1236 964 dissimuletur.

259 989 363 1068 fortiss.
388 982 521 1071 defendit)
550 990 650 1048 Utrum
672 990 845 1060 incendium,
873 1007 908 1045 nn
940 1007 971 1047 se
991 1007 1057 1046 snos
1078 991 1113 1046 eb
1134 989 1281 1050 hortibus!

179 1075 324 1136 Utrumvis
338 1075 463 1152 occipere
476 1075 575 1153 possis.
618 1073 691 1134 Nan:
706 1075 830 1135 absolute
845 1075 957 1152 ponitur
969 1073 1089 1151 defundit
1101 1094 1155 1151 pro
1167 1085 1277 1154 pugnet,

179 1167 209 1220 ut
226 1161 278 1218 Gr.
293 1152 477 1237 ἀμύνεσθαι.
496 1195 534 1206 -
556 1161 644 1220 lscnu.
665 1161 742 1226 156:
768 1159 824 1220 Sed
840 1164 881 1218 tot
898 1157 1005 1233 turdus,
1026 1164 1065 1218 iot
1085 1159 1142 1220 telo
1155 1161 1277 1220 secudu:

180 1245 303 1308 Sustinet
314 1243 450 1306 Aeaciden.

609 1455 698 1524 Gsr.
719 1453 851 1520 XXIX.

263 1581 370 1671 somni)
391 1587 463 1648 Pliu.
478 1586 526 1646 Vl.
542 1589 601 1650 81:
622 1594 746 1646 euocatos
761 1591 790 1646 in
806 1586 951 1670 conn'tn'urn.

263 1677 371 1733 nunno
384 1693 443 1732 cnm
456 1671 602 1748 discordia)
624 1673 641 1730 i.
656 1693 683 1734 e.
701 1675 810 1732 nemine
821 1672 982 1746 reluctante,
997 1671 1121 1732 omnium
1134 1691 1274 1733 consenso.

178 1757 333 1819 Barbarum
346 1759 454 1818 dicendi
469 1777 567 1836 genus,
582 1778 671 1834 neque
685 1777 718 1817 nc
732 1759 884 1817 Guidonisr
905 1761 934 1815 in
946 1777 1002 1816 uon
1014 1761 1088 1816 uocis
1101 1763 1273 1816 momina

171 1904 175 1913 ,
259 1863 289 1920 p.
307 1849 411 1919 garum
434 1849 501 1913 esse)
524 1846 540 1902 i
556 1865 581 1904 e.
599 1862 645 1903 res
664 1850 759 1920 gestes
781 1861 854 1903 esse.
896 1841 1008 1920 Deqno
1026 1843 1159 1920 loquendi
1179 1862 1274 1920 genere

178 1927 585 1990 ci.udllict.ll.12Gloss.
629 1929 733 2008 Scripsi
755 1929 794 1986 itu
817 1929 918 2004 eng.
959 1928 992 1984 lu
1012 1931 1113 1987 celeris
1131 1929 1208 1988 libris
1223 1939 1274 1988 est:

178 2011 248 2091 quod
265 2031 306 2070 rer
322 2033 352 2090 p.
367 2018 459 2090 gestae
474 2017 537 2074 sint.
581 2017 700 2084 Fateor,
722 2013 776 2072 boc
794 2031 904 2090 quoque
923 2014 1038 2072 delendi
1055 2033 1143 2091 posse.
1187 2014 1276 2073 Simil-

176 2097 242 2158 lime
255 2099 326 2158 enim
341 2117 364 2156 c
384 2099 437 2162 15:
460 2099 622 2173 obaudivit,
645 2104 709 2179 quin
724 2099 808 2156 bostes
815 2101 909 2176 parati
918 2104 992 2170 runt,
1015 2105 1189 2176 proprietas
1201 2118 1277 2160 esse.

263 2181 386 2242 dmuslot
407 2183 543 2260 Argivos)
581 2187 650 2264 Cep.
673 2188 732 2248 36:
765 2188 914 2242 universum
941 2189 1080 2241 exercitum
1102 2181 1276 2242 miset.

174 2268 299 2330 Ibidem:
330 2269 446 2348 quotidie
463 2268 588 2330 devastat
607 2272 729 2347 Argivos.
772 2267 921 2328 Deunstnrc
943 2268 1020 2326 haud
1048 2267 1125 2327 iside
1143 2269 1277 2328 usitatim

174 2355 293 2416 verbum
308 2361 361 2427 est,
383 2354 557 2430 significuus:
582 2355 754 2434 depopulari,
775 2353 938 2434 depraedari
952 2353 1073 2412 hostium
1088 2353 1156 2412 fines
1171 2373 1275 2432 eosque

174 2443 271 2500 raetos
297 2447 326 2500 et
344 2440 483 2499 desolatos
507 2443 671 2518 relinquere.
714 2441 778 2508 Quo
802 2441 959 2516 significatu
982 2439 1066 2498 tertio
1084 2437 1197 2500 Daretis
1216 2441 1273 2499 loon

174 2526 243 2606 poni
255 2526 373 2598 ridetur,
395 2545 451 2602 quo
463 2525 638 2586 Penthesilea
653 2527 787 2597 Graecos,
807 2532 871 2604 post
885 2541 1013 2600 inagnum
1023 2523 1133 2582 cladem
1145 2526 1174 2582 in
1188 2535 1274 2585 casim

123 2604 124 2616 ¹
174 2610 349 2686 compulsos,
370 2611 470 2670 trustra
489 2613 594 2688 proelio
608 2610 716 2670 incessit
728 2629 832 2685 eosque
845 2610 989 2668 devastare
1004 2609 1114 2667 dicitur.
1158 2611 1205 2672 ct
1219 2611 1272 2670 lin.

174 2694 210 2758 ll.
227 2699 262 2758 9:
285 2693 409 2768 Pelignus
424 2695 613 2771 (Pelignorurn
628 2696 742 2768 terram)
757 2696 888 2753 monetat.
931 2695 989 2752 Sed
1003 2693 1114 2766 reliquis
1131 2693 1198 2754 locis
1213 2717 1272 2756 esse

173 2779 284 2838 videtur
297 2781 371 2856 quod
393 2801 444 2840 nos
459 2782 589 2840 dicimus:
611 2785 666 2840 eine
678 2780 820 2856 grimiicbe
838 2781 1012 2854 Verwiistung
1025 2777 1222 2856 (Nicderlcge)
1239 2787 1272 2838 in

173 2863 260 2924 Heere
281 2863 428 2924 ennolion.
469 2867 554 2925 Cuius
570 2865 778 2942 significationis
791 2865 901 2923 nonnisi
913 2864 1027 2924 alterurn
1042 2867 1199 2940 exemptum
1211 2867 1272 2927 mibi

171 2957 268 3008 notum
297 2955 340 3008 est
363 2949 447 3010 Ovid.
470 2949 739 3015 niet.x111.255:
776 2949 852 3017 Quid
871 2948 954 3028 Lycii
980 2948 1093 3027 reseram
1113 2950 1273 3031 Smpden'n

172 3037 283 3110 ogmim
291 3033 370 3112 ferro
381 3035 535 3096 Deonslntn
547 3057 611 3111 meo,
633 3039 649 3095 i.
662 3055 686 3095 e.
699 3037 784 3096 exitio
798 3043 829 3096 et
839 3034 1019 3095 internecioni
1031 3035 1108 3095 dats.

251 3119 381 3198 proelium
395 3121 514 3202 ncrcfit)
536 3125 570 3182 C.
588 3125 685 3182 acriter
696 3124 794 3198 surgit.
837 3120 924 3181 Bene.
968 3139 996 3179 v.
1009 3118 1083 3179 ndc.
1096 3121 1148 3183 28.

254 3202 351 3262 mullos
364 3204 458 3284 duces)
478 3207 626 3284 dientem,
646 3205 791 3281 Nisaeum,
812 3207 899 3267 idum.
940 3205 1117 3270 iscau197.

607 3415 698 3482 Gur.
716 3415 833 3483 XXX.

254 3545 393 3623 Abnegat)
415 3547 551 3624 absolute,
575 3552 607 3607 nt
620 3567 721 3626 nigore¹
734 3549 807 3608 infra
823 3551 851 3608 in
865 3548 921 3608 bis:
942 3547 1020 3607 illum
1033 3547 1203 3626 pertinenciis
1219 3563 1267 3604 se-

168 3649 246 3707 gnre.
288 3631 375 3691 intell
391 3653 530 3712 pugnem,
552 3635 596 3692 vel
610 3634 639 3692 in
658 3653 779 3712 pugnarn
802 3633 927 3712 prodire.
963 3633 1070 3692 Eodem
1087 3651 1167 3691 senso
1180 3631 1268 3690 hirs:

162 3733 286 3794 pugnam
298 3722 394 3777 renuit.
436 3721 531 3779 Verbo
546 3719 678 3795 abnegare
691 3721 837 3798 scriptores
851 3719 919 3778 boni
931 3719 1131 3777 abstinuerunt

251 3804 339 3861 nunus
354 3803 553 3881 pugnaturum)
579 3805 598 3863 i.
616 3823 645 3882 q.
667 3824 723 3863 non
743 3823 829 3883 pugn.
873 3803 955 3863 More
971 3805 1135 3880 optimorum
1158 3803 1268 3882 snipto·

166 3904 236 3950 mm.
259 3921 298 3933 -
321 3887 588 3968 moleebsuocrpere)
603 3909 654 3966 pro
668 3889 802 3966 excipere.
845 3887 966 3946 Probum
979 3887 1088 3948 dicendi
1102 3907 1200 3964 genus.

252 3975 327 4030 tosto
341 3977 362 4035 t.
380 3971 512 4050 diffidere)
533 3973 661 4050 Diffidm
675 3973 801 4032 absolute
814 3974 935 4052 ponitur,
955 3971 1007 4030 hoc
1019 3974 1121 4051 opinor
1130 3973 1268 4050 significe-

53 4107 55 4114 ,
164 4053 256 4112 tione:
278 4075 341 4115 csse
356 4057 385 4114 in
398 4059 522 4136 ancipiti,
544 4062 604 4118 sine
617 4077 668 4137 spe
682 4065 712 4118 ct
726 4058 826 4116 fiducie
838 4059 920 4116 inusti
935 4075 1026 4116 remur
1041 4065 1168 4120 eventus.
1213 4056 1267 4116 Lo

164 4139 269 4210 quendi
285 4159 374 4214 genus
388 4140 515 4202 latinitati
528 4145 703 4202 conveniens.
745 4143 795 4219 Sp.
810 4141 955 4202 desiderii.
969 4161 994 4205 e.
1006 4143 1035 4200 iu
1047 4141 1155 4202 desidie
1171 4159 1267 4219 egere:

164 4220 240 4294 quod
260 4241 322 4282 esse
335 4233 432 4285 contre
444 4227 586 4307 scriptoris
604 4233 725 4289 mentem
743 4229 860 4288 videtur.

182 297 226 362 ib
585 295 876 354 suNorn‘rtortns

1342 2609 1343 2676 l

1342 3449 1343 3510 l

1342 3631 1343 3687 l
