2698 4688
489 365 734 418 tmouuctw.
1060 358 1157 414 mv

76 554 146 639 giuti
161 551 330 638 provineirs
351 550 576 635 magistratiliue
598 553 811 617 Consularium
832 552 957 613 nomine
973 572 1081 635 perere
1093 556 1161 618 iur·
1247 543 1253 551 ’

76 666 172 736 ebed,
200 663 232 724 ie
261 661 393 724 Oriente
419 660 618 759 quindecim,
657 663 689 722 in
721 663 758 724 iis
796 661 932 722 Cretam.
973 659 1077 725 Futile
1100 659 1162 722 hoe

75 781 275 855 mgrmmtum
291 771 402 830 merito
423 766 556 850 appellet
570 769 746 832 Perizonius
763 769 842 836 Dies.
855 773 882 844 ς.
894 765 1064 848 XXXVII,
1085 789 1160 852 pro·

74 878 138 942 letis
161 875 299 940 snum
319 874 359 938 nd
385 875 539 958 Spartiani
560 873 658 938 fladr.
683 897 713 938 c.
736 897 788 944 nn.
808 875 998 955 rationibus,
1027 877 1080 959 qui
1106 897 1159 940 co-

73 989 153 1070 pinrr
171 995 277 1048 mnus
299 982 430 1046 condem
453 981 584 1046 eliorum
604 1005 727 1068 quoque
746 985 884 1048 virorum
905 982 1067 1048 doctorum
1088 1005 1160 1046 sen·

74 1093 190 1156 testim
212 1094 419 1176 disputetiobe
439 1091 588 1171 ostendit,
614 1092 730 1177 legatos
749 1091 936 1169 consolarer,
957 1089 1007 1153 vel
1028 1091 1160 1174 simplici

74 1203 191 1264 unire
209 1200 413 1280 'donsulerem
433 1201 582 1282 originem
603 1199 715 1263 debere
738 1222 802 1264 non
825 1199 983 1262 lindrinno
1004 1199 1054 1262 vel
1075 1200 1158 1262 Con·

72 1311 215 1388 Mun,
248 1307 304 1376 ted
325 1310 383 1392 ipsi
404 1313 559 1393 Augusto.
600 1309 647 1374 Cf.
668 1307 770 1372 Guido
790 1305 983 1372 Pnncirollue
996 1306 1037 1369 cd
1057 1309 1155 1372 Notit.

72 1415 143 1500 lmp.
161 1417 282 1484 onear.
302 1437 372 1497 cap.
399 1415 500 1479 rddin
526 1415 620 1480 Thes.
642 1414 748 1497 Antiq.
768 1415 860 1477 Rom.
881 1416 993 1484 Gmev.
1014 1417 1055 1477 T.
1078 1415 1156 1482 Vll.
1225 1431 1231 1438 '

73 1543 103 1606 p.
124 1523 208 1609 1762.
231 1535 265 1587 ct
284 1523 458 1588 Obrecbtus
479 1520 519 1584 ed
538 1522 678 1607 Prolog„
699 1524 754 1606 qui
774 1525 856 1586 inter
876 1521 936 1588 elic
957 1522 1088 1588 oderunt
1100 1545 1159 1598 no-

72 1629 155 1694 bilem
177 1632 281 1694 locuni
308 1632 419 1695 Dionis
449 1631 542 1694 Cassii
563 1631 618 1694 tib.
656 1630 876 1716 L111.p.577
901 1649 947 1712 sq·
976 1629 1081 1716 Stepb.
1106 1632 1156 1696 ed.

72 1759 117 1802 on.
141 1741 226 1824 ¹⁵1²·
248 1738 301 1808 iol.
351 1739 528 1802 Obrecbtus
549 1750 580 1802 et
608 1740 788 1802 Perizonius
811 1737 907 1801 miror
928 1738 1012 1822 quod
1044 1751 1159 1805 certam

71 1847 126 1910 rint
153 1869 187 1911 ex
212 1849 339 1912 mcertis
361 1849 501 1912 virorum
521 1847 696 1910 nominibus
719 1848 904 1931 investigere
923 1857 1052 1910 senten
1076 1849 1159 1933 peri·

70 1953 167 2018 duri.
215 1956 397 2018 Perizonius
424 1975 535 2040 nempe
562 1955 643 2017 Dies.
681 1955 893 2036 §.xxxl11,
925 1967 1090 2040 praeeunte
1111 1957 1159 2018 0-

69 2059 200 2144 brcdrto,
219 2085 256 2126 ex
279 2065 320 2149 Q.
339 2063 455 2126 Aradii
472 2065 576 2153 Rufini
595 2073 704 2141 netste,
727 2063 765 2126 ed
786 2085 878 2149 quern
897 2065 1036 2148 Epiffolu
1053 2064 1158 2148 Ephe·

69 2171 168 2234 midi
187 2173 353 2256 prccmisse
373 2171 536 2247 scribitur,
563 2183 693 2234 aetutem
720 2171 859 2255 Septimii
880 2171 1084 2256 indagandam
1107 2193 1158 2236 er·

70 2277 200 2356 litatus,
222 2281 305 2344 Dise
327 2287 356 2354 ς.
377 2281 512 2344 XXXVI
535 2280 719 2344 Diocletiani
739 2281 807 2346 nevi
826 2281 1027 2364 scriptoribus
1043 2303 1157 2367 repun-
1270 2296 1274 2305 ’

69 2383 123 2450 len
149 2411 221 2454 eum
250 2387 345 2454 fuisse
374 2388 479 2452 multis
502 2389 672 2452 contendit.
723 2389 820 2474 Atqui
842 2390 925 2454 baud
946 2395 1156 2476 ignoraverint

70 2499 124 2558 riri
152 2497 344 2561 celeberrimi
371 2497 541 2580 Epistulam
569 2499 692 2564 Daretis
712 2498 841 2583 Phrygii
862 2501 1032 2564 miserrimo
1052 2505 1156 2584 portui

72 2605 240 2685 proelium
266 2607 356 2668 cuius
375 2603 472 2668 libelli
495 2608 635 2688 scriptori
649 2607 718 2670 ficte
738 2611 864 2670 nomine
879 2609 920 2691 Q.
933 2607 1073 2672 Aradiu
1091 2611 1155 2672 Itu-

70 2711 141 2776 tiaur
158 2725 189 2776 et
206 2715 244 2776 L.
263 2714 424 2800 Septr'rrrirn
444 2717 532 2798 qued
552 2715 648 2777 secem
669 2713 847 2799 praetulisse
867 2713 1033 2794 videntur,
1065 2725 1101 2776 ut
1125 2725 1158 2778 et

71 2819 134 2902 ipse
150 2824 182 2884 in
208 2823 296 2884 simili
324 2822 451 2906 epistole
474 2821 549 2886 false
569 2825 693 2886 nomina
718 2823 898 2901 subiiceret,
926 2831 958 2882 et
978 2819 1157 2886 Cornelium

70 2927 211 3012 Nepotem
237 2931 280 2994 cd
307 2929 487 2994 Sallustium
510 2931 656 3014 Crispum
684 2930 817 2993 scribere
837 2929 960 2992 feceret·
1003 2931 1156 3014 Supposi·
1216 2958 1222 2976 ¹

70 3037 133 3102 ticin
157 3051 229 3104 runt
259 3043 318 3104 istc
337 3041 483 3120 nomina,
515 3039 661 3123 aliudque
688 3040 746 3104 sibi
768 3041 872 3123 posuit
892 3061 1003 3102 nomen
1027 3040 1154 3104 Latinus

70 3143 217 3230 interpres,
239 3159 277 3210 nt
297 3159 329 3211 et
347 3150 410 3212 suis
431 3160 462 3212 et
481 3150 612 3232 posteris
635 3147 811 3211 homiuibur
830 3147 914 3211 baud
932 3151 1152 3212 innotesceretr

71 3257 171 3334 puriter
189 3267 283 3341 atque
302 3253 376 3335 ille,
398 3257 453 3339 qui
473 3255 624 3329 Graecam
643 3255 880 3339 premeridem
904 3258 1051 3322 condidit.
1092 3259 1155 3320 Mi·

72 3383 126 3426 rrrn
144 3368 232 3450 quari
251 3367 515 3446 coniurationem,
544 3385 622 3448 quae
641 3385 748 3428 omues
767 3376 895 3428 conetur
914 3368 992 3430 certi
1010 3366 1085 3458 quid
1105 3368 1157 3428 di·

72 3481 146 3535 cturo
164 3475 268 3538 irritos
286 3472 414 3536 reddere
433 3473 592 3536 videatur!
619 3473 744 3536 Rectam
765 3476 859 3551 virm,
877 3495 976 3558 quum
996 3474 1080 3536 eliud
1104 3497 1155 3538 re·

74 3575 174 3662 belum
192 3581 347 3666 rdiqunrn
366 3583 408 3644 rit
427 3579 568 3656 nullum,
595 3582 721 3664 ingressi
740 3593 812 3644 sunt
834 3581 900 3663 itti,
927 3584 982 3666 qui
1003 3605 1038 3646 ex
1059 3584 1156 3648 libro·

74 3703 131 3750 mre
151 3687 306 3754 latinitate
325 3689 463 3772 Septimii
486 3699 616 3750 aetutem
639 3689 882 3752 constituendum
902 3711 1066 3754 censuere:
1089 3704 1157 3754 tum

73 3813 133 3862 wo
149 3821 213 3863 nnn
234 3802 302 3878 nni,
324 3821 424 3884 neque
443 3802 535 3862 etiem
554 3795 675 3862 duobus
692 3799 830 3862 tribusve
842 3800 1001 3863 vocubulis
1015 3801 1158 3861 insisten-

74 3899 132 3968 du
148 3919 234 3983 eret,
263 3930 373 3972 verum
393 3919 458 3972 tots
480 3911 579 3974 oratio
599 3911 632 3972 in
651 3910 779 3995 singulis
798 3919 939 3972 eccurrte
959 3909 1148 3976 excutiendo.

138 4017 305 4102 Septimius
335 4039 376 4082 ne
404 4017 438 4081 id
468 4017 615 4101 quidem,
647 4019 730 4106 quod
757 4020 904 4085 usitatum
933 4037 989 4078 suo
1020 4027 1160 4100 tempore

11 4197 12 4220 χ
72 4131 144 4202 ert,
172 4125 315 4223 requitur
334 4145 429 4207 genus
450 4123 582 4190 dicendi.
624 4123 671 4186 Ut
697 4145 797 4188 novus
818 4137 864 4188 est
885 4125 993 4208 Dictys
1014 4127 1047 4188 in
1068 4126 1158 4190 febu-

73 4223 118 4311 lr,
146 4235 189 4296 rie
218 4233 382 4318 Septimium
406 4233 438 4294 in
460 4251 573 4316 genere
593 4230 753 4304 orationis.
797 4233 906 4298 Miscet
926 4235 1035 4318 Dictys
1056 4239 1159 4298 urrio-
