2726 4686
431 355 525 406 snm
549 355 693 408 raoum
720 357 784 405 uto.
812 355 852 406 u.
1136 341 1181 412 tt

81 571 202 654 supra
226 545 446 631 docuimus,
472 545 523 624 ob
548 547 734 624 bonorem
761 544 911 650 regium
936 549 1187 650 Agamemno-

81 665 127 742 ni
154 661 341 741 obtulere.
375 664 500 766 lgitur
517 665 634 740 etiam
654 664 820 739 Achilles
844 681 998 767 praeter
1023 665 1118 740 Brisi
1142 664 1186 740 fi-

84 781 178 858 liam
191 779 494 888 Hippodamiam
518 779 768 858 Diomedeam
785 780 858 854 sibi
878 781 1059 876 retinuit3
1078 781 1187 885 quod

83 897 256 976 eiusdem
288 897 422 975 aetatis
454 915 571 1002 atque
606 897 783 974 alimonii
826 925 906 974 non
939 899 1022 972 sine
1047 923 1187 1001 magno

85 1014 219 1092 dolore
244 1013 376 1092 divelli
410 1031 611 1121 poterant,
636 1030 675 1089 et
697 1013 748 1090 ob
773 1011 815 1088 id
841 1013 918 1088 iam
944 1033 1056 1090 antea
1081 1015 1187 1118 geni-

84 1133 158 1209 bus
180 1131 345 1210 Achillis
368 1131 593 1216 obvolutae,
628 1155 679 1206 ne
710 1149 1000 1236 separarentur,
1039 1131 1188 1234 magnis

86 1249 270 1356 precibus
305 1264 520 1324 oraverant
571 1249 752 1323 Ceterum
783 1246 934 1349 reliqna
966 1244 1107 1353 praeda
1132 1246 1187 1324 vi-

87 1365 195 1442 ritim
219 1365 271 1440 ob
293 1363 538 1466 singulorum
563 1363 699 1438 merita
732 1361 938 1455 distributa
968 1381 1034 1438 est.
1082 1362 1187 1452 Dein

87 1505 189 1584 qtrae
222 1479 321 1558 Aiax
352 1498 640 1586 apportaverat,
675 1479 803 1554 Ulixes
832 1495 872 1554 et
895 1477 1101 1558 Diomedes
1125 1505 1186 1554 ro·

88 1617 179 1702 gatn
203 1597 287 1674 eius
311 1597 355 1674 in
379 1595 525 1674 medios
545 1597 726 1673 intulere.
777 1597 835 1672 Ex
849 1597 939 1700 quis
961 1597 1049 1672 auri
1069 1615 1187 1699 atquo

88 1713 258 1819 argenti,
290 1731 484 1818 quantum
518 1713 607 1791 satis
642 1712 868 1802 videbatur,
906 1712 1185 1814 Agamemnoni
1275 1795 1279 1806 ¹

88 1832 166 1934 regi
204 1829 340 1906 dature
372 1855 417 1906 ac
451 1827 592 1905 deinde
622 1829 729 1906 Aiaci
756 1829 807 1905 ob
831 1829 980 1931 egregia
1005 1829 1186 1904 laborum

91 1947 172 2024 eius
205 1947 379 2024 facinora
412 1947 648 2023 Teuthranti
682 1947 802 2022 liliam
835 1949 1069 2020 Tecmessam
1094 1957 1187 2022 con·

91 2063 245 2140 cedunt.
295 2069 354 2140 lta
380 2063 509 2140 divisis
535 2065 578 2138 in
602 2063 782 2166 singulos,
809 2087 911 2164 quae
934 2079 1183 2168 supererant,

94 2179 335 2259 frumentum
363 2207 434 2286 per
457 2183 668 2256 exercitum
695 2177 943 2284 dispartiunt.

187 2300 275 2376 XX·
325 2299 397 2376 His
420 2299 514 2374 actis
539 2297 655 2380 fidem
681 2298 804 2402 pacti,
828 2293 938 2399 quod
962 2321 1050 2368 cum
1076 2292 1186 2397 Poly·

93 2432 248 2492 mestore
272 2415 552 2508 intercesserat,
581 2411 847 2517 traditumque
865 2407 1102 2514 Polydorum
1130 2433 1186 2484 re·

159 2749 274 2806 excepta
283 2765 298 2776 -
309 2737 428 2806 coniuge
447 2735 607 2802 Astynome)
644 2732 765 2801 corrigit
776 2727 945 2798 vindingius
959 2739 1187 2795 exceptam-cou-

97 2803 181 2874 t'ttgea
201 2811 393 2874 Astynomen3
412 2816 439 2859 et
458 2809 498 2859 sic
515 2805 635 2860 babetur
655 2805 685 2854 in
705 2804 731 2855 S.
752 2799 825 2852 Gall.
843 2815 897 2850 acc.
917 2796 963 2859 tx,
983 2799 1030 2848 Ed.
1050 2798 1136 2848 l'rinc.
1157 2803 1187 2848 et

96 2875 173 2932 otis:
191 2895 205 2928 a
224 2879 428 2932 comestoribus
448 2879 525 2940 scil,
543 2878 609 2946 qui,
626 2874 710 2944 plane
731 2879 762 2922 ut
775 2868 953 2936 vindingus,
969 2875 1076 2919 sermm
1095 2883 1187 2918 casum

97 2961 262 3020 concoquere
290 2948 476 3020 nequiverint.
529 2947 638 3000 Etenim
674 2943 768 3010 nuilus
795 2937 913 3004 dubito,
939 2938 1010 3060 puin
1036 2937 1186 3008 Septimius

97 3027 195 3072 statum
215 3036 307 3072 casum
326 3021 483 3090 scripserit,
503 3019 533 3072 in
552 3033 634 3088 quem
653 3015 738 3066 ceteri
757 3010 850 3080 scripti
875 3017 904 3062 et
922 3026 937 3060 e
958 3009 992 3061 iti
1010 3009 1096 3073 libri,
1114 3026 1184 3082 quos

95 3087 164 3152 ridi,
182 3093 351 3160 conspirant.
372 3107 397 3142 v,
418 3091 506 3143 Gloss.
541 3091 637 3157 Aequa
655 3084 783 3138 lectionis
805 3081 926 3134 varietas
947 3097 1007 3150 cap.
1020 3081 1062 3148 49.

165 3161 278 3232 Chrysi]
314 3161 387 3216 Crat.
406 3161 529 3231 Chrysis,
565 3157 666 3214 Eadem
692 3155 764 3207 infra
781 3153 892 3216 Brissi,
921 3159 954 3205 ut
977 3152 1013 3203 ab
1034 3152 1128 3207 Ulixes
1155 3147 1189 3200 lit

98 3229 201 3296 titisse,
221 3233 257 3286 sle
282 3249 336 3304 qua
364 3231 452 3286 forms
477 3227 621 3284 Ruhnken.
641 3227 677 3283 sd
695 3227 765 3278 vett.
785 3225 840 3278 Pat.
859 3223 895 3274 tt.
914 3223 958 3290 43.
976 3239 1001 3278 a.
1050 3223 1106 3274 Sed
1133 3220 1188 3276 vid.

98 3303 130 3353 td
142 3321 200 3374 sap.
225 3320 266 3374 ¹7·
302 3305 334 3358 ln
353 3305 449 3356 cadem
471 3319 535 3355 mox
551 3297 730 3354 Diomedem
752 3309 862 3371 quoque
881 3293 936 3346 sibi
953 3304 1006 3347 ret.

159 3375 318 3498 aimonis}
341 3376 384 3428 lta
409 3373 474 3428 libri
502 3373 557 3426 mei
582 3381 612 3424 et
633 3371 738 3432 Mero,
765 3365 929 3436 invenitque
953 3361 1103 3430 Vinding„
1130 3377 1188 3414 non

98 3444 254 3498 alimoniae.
319 3448 407 3500 ariarc
434 3443 514 3500 MSS.
532 3442 602 3494 dieii
627 3437 806 3506 Oudendorp.
827 3435 863 3488 ad
890 3435 1003 3488 sueton.
1024 3433 1108 3504 Caiig.
1128 3432 1190 3499 ia..

100 3516 141 3586 qai
159 3517 325 3569 femininum
345 3523 378 3569 ut
398 3515 571 3588 frequentius
592 3507 771 3582 scriptoribus
785 3505 915 3578 praescri·
950 3505 1084 3558 Neutrum
1105 3505 1191 3556 usita-

100 3589 177 3638 lalnnt
198 3587 298 3640 Tacito
319 3595 368 3640 est.

162 3659 193 3711 iu
214 3657 403 3728 mediatim.)
438 3654 569 3723 Vinding.
586 3653 647 3708 vult
665 3651 697 3705 in
714 3645 814 3705 medio.
849 3645 886 3700 at
903 3663 929 3702 v.
948 3645 1037 3697 Gloss.
1057 3645 1123 3698 lilox
1140 3643 1190 3696 lid.

99 3725 173 3780 Hera
212 3729 259 3783 Ex
274 3731 362 3803 quate.
383 3729 457 3782 Crat
475 3725 677 3796 portisiorum
695 3738 747 3774 om.
766 3719 833 3772 siut.
852 3717 894 3769 Ci-
912 3715 948 3770 sd
966 3732 989 3766 c.
1008 3733 1051 3768 ao.

164 3800 334 3854 Tentis-auti
397 3837 403 3849 .
434 3797 577 3870 Teumesi.)
614 3795 660 3848 Sic
683 3791 798 3860 scripsi:
829 3803 893 3839 natu
920 3786 948 3838 S.
969 3787 1042 3840 Gali.
1072 3800 1125 3842 see.
1144 3781 1189 3834 tt.

100 3865 262 3925 staurano
280 3871 325 3944 fil.
346 3797 475 3924 stitutus.
497 3886 562 3939 opp,
580 3871 608 3918 et
627 3867 705 3918 Bern.
726 3857 897 3918 teutrami
905 3855 956 3936 fil.
985 3857 1113 3912 Tecmiss.
1142 3851 1193 3937 lid.

99 3939 180 3992 irinc.
205 3941 393 4008 stmbyanti
422 3943 451 3994 tl.
471 3941 600 4010 Τομέα.
635 3935 752 3990 Mercari
777 3929 911 3982 librorum
931 3945 1002 3980 uuus
1023 3927 1191 3986 letati-ants,

99 4011 164 4064 'litt
182 4013 326 4068 rausum.
364 4011 550 4072 Teuthranti,
571 4024 641 4078 pros
667 4000 870 4072 Teuthrantis3
900 4007 932 4053 ut
960 4013 1044 4068 supra
1071 3993 1186 4066 ctryst,

4 4150 7 4163 .
99 4079 177 4136 Μ·
215 4085 303 4136 finiti
321 4083 457 4138 edebatur
477 4079 657 4136 Teuthrantis
666 4077 695 4145 fl
718 4077 809 4144 Tagus.

164 4152 350 4226 dispartiunt)
386 4155 413 4206 s.
433 4151 505 4204 Gaii.
524 4167 576 4203 sec.
596 4149 640 4202 tx.
659 4158 688 4202 et
703 4145 752 4220 ‚ffl-
771 4143 856 4199 Princ-
875 4137 1056 4211 dispsrtiunt.
1075 4131 1137 4190 tut.
1156 4133 1193 4188 sd

101 4221 123 4287 1.
142 4227 178 4282 rt
201 4227 290 4298 Supra
308 4225 383 4282 Crat.
402 4225 609 4297 superfuerant·
