2726 4686
402 383 665 434 suerranum
693 385 757 434 ue.
786 385 824 432 u.
1106 365 1153 436 st

83 603 137 656 sos
158 573 268 652 duces
291 572 485 650 convenit:
511 573 649 677 hisque
671 576 876 652 consilium
896 573 1154 654 Troianorum

80 691 252 799 aperiens,
278 709 410 766 monet
433 708 550 792 atque
571 691 759 784 hortatur,
785 693 844 768 uti
865 693 1170 812 quamprimum³

82 809 247 886 instructi
281 807 397 882 rebus
432 807 531 882 bello
564 809 779 884 necessariis
813 807 862 884 ad
896 805 1154 910 navigandum
1237 827 1243 834 ·

81 925 302 1002 festinarent
351 923 483 1023 Neque
518 924 644 998 multo
680 941 765 1028 post
797 949 837 1000 re
863 924 1013 1026 cognita
1038 927 1156 1026 Argos

79 1039 123 1114 ab
156 1039 334 1115 omnibus
363 1038 603 1112 convenitur.
654 1038 714 1114 lbi
749 1037 915 1116 Achilles
946 1038 1026 1141 regi
1052 1035 1154 1111 indi-

81 1173 230 1256 gnatus,
260 1151 368 1256 quod
403 1171 562 1256 propter
597 1153 718 1228 liliam
754 1173 931 1232 renueret
955 1153 1157 1260 profectio·

79 1293 180 1360 nem,
204 1269 254 1344 ab
282 1268 392 1343 Ulixe
419 1269 459 1342 in
484 1269 647 1370 gratiam
671 1267 852 1346 reductus
876 1289 939 1346 est.
989 1273 1026 1346 ls
1049 1297 1156 1344 nam-

77 1411 146 1486 que
187 1385 258 1460 diu
291 1401 433 1460 moesto
465 1384 578 1458 luctu
616 1384 738 1460 obsito
779 1384 1054 1490 Agamemnoni
1089 1387 1156 1460 in·

75 1503 234 1594 sinaeus,
258 1525 359 1604 quae
379 1501 479 1575 circa
503 1499 622 1574 filiam
639 1501 721 1576 eius
735 1502 954 1592 evenissent,
979 1501 1154 1576 animum

77 1635 184 1721 atque
216 1635 399 1694 ornatum
434 1616 529 1718 regis
567 1616 798 1691 reformavit.
859 1618 984 1719 Igitur
1007 1617 1157 1694 cunctis
1271 1687 1274 1704 ,

80 1733 347 1836 praesentibus,
378 1757 604 1834 quanquam
634 1759 655 1808 a
688 1733 798 1807 nullo
834 1733 954 1808 officia
993 1732 1155 1807 militiae

83 1847 381 1950 negligebantur,
407 1847 614 1951 praecipue
639 1866 766 1922 tamen
793 1847 886 1922 Aiax
910 1847 1156 1936 Telamonius

78 1981 110 2038 et
131 1963 294 2038 Achillea
327 1989 416 2038 cum
448 1961 635 2039 Diomede
671 1991 816 2064 curam,
835 1964 1040 2040 maximam
1074 1961 1155 2052 ¹stu-

79 2075 253 2181 diumque
274 2076 510 2182 importandi
528 2079 620 2155 belli
638 2097 895 2184 susceperant:
922 2079 1057 2181 bisque
1072 2081 1153 2183 pla-

78 2209 141 2281 cet,
175 2193 234 2266 uti
267 2209 420 2296 praeter
449 2210 684 2268 contractam
719 2197 871 2270 classem
904 2221 1034 2283 naves,
1066 2194 1153 2296 qui-

79 2306 141 2382 bus
176 2307 259 2383 loca
285 2306 437 2382 hostilia
462 2307 719 2400 incursarent,
757 2329 1046 2414 praeparentur.
1095 2313 1154 2384 Ita

80 2421 204 2502 diebus
237 2424 371 2528 paucis
405 2423 690 2526 quinquaginta
723 2429 881 2502 navium
907 2429 1069 2516 classem,
1094 2427 1153 2502 in·

79 2557 253 2618 structam
276 2541 384 2618 omni
410 2567 562 2644 genere,
587 2545 851 2650 compingunt.
902 2548 1080 2621 Ceterum
1104 2545 1154 2618 ab

80 2657 245 2766 imoepto
276 2658 438 2736 militiae
471 2660 554 2737 eins
585 2682 717 2740 octavo
751 2664 829 2738 iam
861 2689 966 2738 anno
998 2660 1048 2736 ad
1082 2659 1156 2738 hoc

78 2799 188 2880 usqne
213 2793 364 2884 tempus
386 2795 602 2873 consumto,
627 2778 787 2857 initium
812 2779 907 2856 noni
923 2794 1154 2884 occoeperat.

139 3057 186 3116 diu
207 3074 311 3117 moesto
328 3062 406 3118 tucia
423 3065 490 3139 oba.)
526 3065 574 3120 lid.
600 3064 668 3125 Obr.
691 3077 851 3122 summosses
870 3081 905 3120 ae
925 3065 1003 3120 lueto
1020 3063 1095 3118 obe:
1120 3076 1155 3114 ex

78 3147 135 3198 ‘1⁰⁰2
151 3131 246 3194 offis·
263 3133 380 3202 vestigia
399 3145 536 3199 secutur,“
554 3137 709 3191 Perizonius
730 3140 800 3192 Dies.
822 3139 845 3205 ς.
865 3135 980 3188 xxxtx.
999 3134 1066 3188 feeit
1084 3149 1155 3186 sues·

77 3219 112 3252 rte
133 3215 233 3260 msto
259 3221 293 3258 ae
316 3203 385 3259 luet.
429 3207 483 3262 Sed
508 3207 562 3260 MS.
591 3207 713 3262 Perizon.
731 3207 852 3261 habebat
870 3219 927 3260 tum
955 3219 1056 3279 rqoesto
1074 3206 1154 3258 luctu

78 3271 144 3326 alra
159 3283 187 3326 rt
204 3275 245 3325 eie
262 3291 297 3325 ex
314 3289 347 3324 eo
365 3275 511 3344 legendum
530 3277 672 3332 contendit
691 3278 870 3347 Oudendorp.
885 3275 920 3327 ad
934 3277 1012 3346 Apul.
1024 3277 1089 3330 Met
1108 3273 1152 3324 ΙΙΙ.

77 3357 100 3412 p.
120 3345 171 3396 rise
189 3351 219 3396 et
238 3343 306 3398 etet.
324 3345 382 3396 vtt
402 3364 431 3416 p.
448 3349 508 3418 467.
545 3351 634 3410 ltecte,
663 3349 738 3420 quod
763 3350 799 3402 ad
826 3349 951 3400 omissam
978 3349 1102 3418 copulem
1120 3359 1155 3398 ne

77 3421 189 3480 spectat,
216 3429 289 3484 quae
312 3415 391 3467 abest
409 3419 492 3470 etiam
521 3419 633 3471 aliern.
653 3428 682 3472 et
698 3419 747 3473 tit
767 3423 851 3478 Mete.
887 3417 949 3470 Eam
970 3417 1053 3482 enim,
1071 3419 1153 3472 etiem

78 3481 234 3556 inutraque
253 3485 279 3535 S.
300 3485 383 3548 Gatt,
402 3487 447 3540 Ed.
466 3490 552 3542 Ptine.
575 3496 603 3540 et
620 3487 693 3546 Crat.
711 3507 882 3561 expressam,
909 3505 925 3538 e
942 3488 1081 3550 librariis,
1105 3485 1154 3560 qul

82 3555 246 3607 immemores
265 3553 369 3606 fuerint
383 3557 456 3610 band
473 3559 663 3630 infrequentis.
683 3570 714 3612 nt
730 3561 878 3632 Wopkens.
898 3575 926 3630 p.
939 3577 978 3629 ¹9·
995 3568 1023 3612 et
1042 3559 1156 3614 Ouden-

82 3625 153 3708 dorp,
168 3625 284 3696 (quibem
299 3625 371 3678 adde
388 3630 533 3682 Burmann.
553 3629 588 3682 ad
607 3631 768 3684 onustes
790 3635 824 3688 11.
844 3629 901 3699 66.)
918 3628 1085 3693 docuerunt,
1112 3629 1156 3680 lo·

82 3697 194 3748 metonis
210 3697 450 3762 animatorias,
471 3700 632 3754 inculcatam
652 3719 711 3754 esse
724 3705 812 3771 palem
830 3707 878 3753 est
914 3699 1045 3752 Voculam
1063 3707 1155 3752 eutem

79 3779 144 3828 urse,
163 3781 235 3837 qnae
257 3767 286 3814 in
306 3765 364 3824 tls,
384 3769 516 3824 Obrechti
534 3781 661 3844 corrupta
679 3773 764 3827 fuisse
786 3775 897 3826 ridetur
921 3771 949 3823 in
976 3789 1034 3824 atem
1061 3777 1089 3822 ct
1112 3785 1156 3822 ee·

79 3839 170 3918 quenti
184 3835 267 3916 verbo
285 3835 401 3902 adiecta,
419 3840 579 3895 mittendam
594 3845 699 3912 putavi,
716 3846 833 3927 eiusque
846 3843 907 3894 loeo
925 3843 964 3894 rei
986 3841 1156 3894 convenien-

78 3913 171 3961 ttorent
188 3903 238 3960 dete
261 3907 467 3977 recipiendam,
490 3929 561 3984 quae
579 3915 679 3967 nititur
695 3922 858 3968 anctoritate
877 3911 1017 3965 librorumv
1033 3927 1155 3962 meorum

78 3987 104 4030 et
120 3977 243 4031 uersat
280 3977 316 4028 Ut
335 3983 430 4048 paneis
453 3981 556 4047 dicam,
582 3992 670 4038 totum
695 3987 784 4038 locum
807 3990 880 4036 reete
906 3983 996 4036 edidit
1021 3999 1054 4032 ex
1079 3980 1155 4035 MSS.

76 4049 131 4102 tuis
149 4049 305 4110 terrenus,
324 4051 493 4124 exhibetque
508 4073 584 4108 meua
600 4057 676 4107 Bern.
703 4055 752 4110 Pro
761 4055 849 4109 obsito
858 4055 1033 4106 tamerrBrru·
1045 4053 1155 4105 obsitus.

78 4121 376 4245 mornqergqqiqegvie)
396 4123 507 4244 ΚΒΜ,
530 4127 557 4181 S.
578 4125 652 4184 Gall.
676 4143 743 4197 opp.
769 4133 798 4181 et
817 4126 864 4178 lid.
891 4125 962 4178 Cret
981 4140 1042 4177 ortt.
1061 4125 1156 4194 mgis

159 4207 203 4247 ‚e
359 4209 375 4241 o
416 4211 470 4246 ens.
515 4213 581 4250 ,αα

143 4265 333 4338 W‘Want)
369 4211 417 4320 fid,
437 4213 521 4319 esitii.
539 4277 704 4338 susceperat.
742 4265 773 4320 ln
793 4281 850 4336 seq.
870 4266 944 4320 ttem.
966 4265 1130 4336 campigene.
